price,volume,time,timestamp,type,order_type,trade_id
95433.8,0.0001,2025-05-06 22:09:13,1746569353.7786007,buy,limit,82783260
95433.8,0.00029243,2025-05-06 22:09:16,1746569356.3439527,buy,limit,82783261
95433.8,0.00040781,2025-05-06 22:09:19,1746569359.9233208,buy,market,82783263
95433.8,0.00042288,2025-05-06 22:09:19,1746569359.9233208,buy,market,82783262
95433.8,0.001,2025-05-06 22:09:32,1746569372.0973084,buy,market,82783266
95433.8,0.00010478,2025-05-06 22:09:32,1746569372.0973084,buy,market,82783267
95433.8,0.00489706,2025-05-06 22:09:32,1746569372.0973084,buy,market,82783265
95433.8,0.00284819,2025-05-06 22:09:32,1746569372.0973084,buy,market,82783264
95433.9,0.00294507,2025-05-06 22:09:32,1746569372.0973086,buy,market,82783268
95457.8,0.00590227,2025-05-06 22:09:33,1746569373.1261933,buy,market,82783276
95433.9,0.00185184,2025-05-06 22:09:33,1746569373.1261933,buy,market,82783269
95455.0,5.238e-05,2025-05-06 22:09:33,1746569373.1261933,buy,market,82783274
95446.1,5.239e-05,2025-05-06 22:09:33,1746569373.1261933,buy,market,82783273
95442.5,0.01148352,2025-05-06 22:09:33,1746569373.1261933,buy,market,82783272
95439.9,0.01213986,2025-05-06 22:09:33,1746569373.1261933,buy,market,82783271
95434.0,0.0069057,2025-05-06 22:09:33,1746569373.1261933,buy,market,82783270
95457.7,0.00010478,2025-05-06 22:09:33,1746569373.1261933,buy,market,82783275
95437.0,5.239e-05,2025-05-06 22:09:43,1746569383.5942495,sell,limit,82783278
95446.0,5.238e-05,2025-05-06 22:09:43,1746569383.5942495,sell,limit,82783277
95433.9,0.00040892,2025-05-06 22:09:48,1746569388.778662,buy,limit,82783279
95433.8,0.00041735,2025-05-06 22:09:49,1746569389.5761144,sell,limit,82783280
95428.0,5.239e-05,2025-05-06 22:09:49,1746569389.5761144,sell,limit,82783281
95401.0,5.241e-05,2025-05-06 22:09:53,1746569393.3603423,sell,limit,82783284
95419.0,5.24e-05,2025-05-06 22:09:53,1746569393.3603423,sell,limit,82783282
95410.0,5.24e-05,2025-05-06 22:09:53,1746569393.3603423,sell,limit,82783283
95392.0,5.241e-05,2025-05-06 22:09:53,1746569393.3624258,sell,limit,82783287
95392.4,0.10482199,2025-05-06 22:09:53,1746569393.3624258,sell,limit,82783286
95394.2,0.10481734,2025-05-06 22:09:53,1746569393.3624258,sell,limit,82783285
95389.7,0.1,2025-05-06 22:09:53,1746569393.3624258,sell,limit,82783288
95384.9,0.0059126,2025-05-06 22:09:53,1746569393.3693364,sell,limit,82783291
95386.2,0.135,2025-05-06 22:09:53,1746569393.3693364,sell,limit,82783290
95387.4,0.02449608,2025-05-06 22:09:53,1746569393.3693364,sell,limit,82783289
95378.4,0.02371954,2025-05-06 22:09:53,1746569393.3733623,sell,limit,82783294
95379.5,0.05406871,2025-05-06 22:09:53,1746569393.3733623,sell,limit,82783293
95379.5,0.00830384,2025-05-06 22:09:53,1746569393.3733623,sell,limit,82783292
95372.4,1.34978221,2025-05-06 22:09:53,1746569393.3733623,sell,limit,82783295
95372.3,0.00281999,2025-05-06 22:09:53,1746569393.3733623,sell,limit,82783296
95367.3,0.00010485,2025-05-06 22:09:53,1746569393.3769286,sell,limit,82783297
95367.2,0.01238497,2025-05-06 22:09:53,1746569393.3769286,sell,limit,82783298
95365.6,0.045,2025-05-06 22:09:53,1746569393.3769286,sell,limit,82783299
95365.0,1.55608818,2025-05-06 22:09:53,1746569393.3769286,sell,limit,82783300
95365.0,0.080678,2025-05-06 22:09:53,1746569393.3786469,sell,limit,82783301
95349.8,0.968,2025-05-06 22:09:53,1746569393.3806727,sell,limit,82783302
95348.9,0.645578,2025-05-06 22:09:53,1746569393.3806727,sell,limit,82783303
95365.1,0.00010486,2025-05-06 22:09:53,1746569393.4904654,sell,limit,82783304
95356.0,0.07489514,2025-05-06 22:09:53,1746569393.4904654,sell,limit,82783305
95325.9,0.075,2025-05-06 22:09:53,1746569393.5214012,sell,limit,82783306
95293.1,0.0001,2025-05-06 22:09:57,1746569397.52602,sell,market,82783307
95293.0,5.246e-05,2025-05-06 22:09:57,1746569397.52602,sell,market,82783318
95285.9,0.00489201,2025-05-06 22:09:57,1746569397.52602,sell,market,82783319
95284.0,5.247e-05,2025-05-06 22:09:57,1746569397.52602,sell,market,82783320
95274.0,0.00601,2025-05-06 22:09:57,1746569397.52602,sell,market,82783321
95271.0,5.073e-05,2025-05-06 22:09:57,1746569397.52602,sell,market,82783322
95265.9,0.0428,2025-05-06 22:09:57,1746569397.52602,sell,market,82783323
95265.4,0.58712729,2025-05-06 22:09:57,1746569397.52602,sell,market,82783324
95293.1,5.246e-05,2025-05-06 22:09:57,1746569397.52602,sell,market,82783317
95293.1,5.246e-05,2025-05-06 22:09:57,1746569397.52602,sell,market,82783310
95293.1,5.246e-05,2025-05-06 22:09:57,1746569397.52602,sell,market,82783311
95293.1,5.246e-05,2025-05-06 22:09:57,1746569397.52602,sell,market,82783308
95293.1,5.246e-05,2025-05-06 22:09:57,1746569397.52602,sell,market,82783313
95293.1,5.246e-05,2025-05-06 22:09:57,1746569397.52602,sell,market,82783314
95293.1,5.246e-05,2025-05-06 22:09:57,1746569397.52602,sell,market,82783315
95293.1,5.246e-05,2025-05-06 22:09:57,1746569397.52602,sell,market,82783316
95293.1,5.246e-05,2025-05-06 22:09:57,1746569397.52602,sell,market,82783309
95293.1,5.246e-05,2025-05-06 22:09:57,1746569397.52602,sell,market,82783312
95260.0,0.0001,2025-05-06 22:10:00,1746569400.9971676,buy,limit,82783325
95259.9,5.248e-05,2025-05-06 22:10:07,1746569407.2077677,sell,limit,82783326
95259.9,5.248e-05,2025-05-06 22:10:07,1746569407.2077677,sell,limit,82783327
95257.0,5.248e-05,2025-05-06 22:10:12,1746569412.6127524,sell,limit,82783328
95248.1,5.073e-05,2025-05-06 22:10:12,1746569412.6127524,sell,limit,82783329
95248.0,5.249e-05,2025-05-06 22:10:12,1746569412.635359,sell,limit,82783330
95239.1,0.01658152,2025-05-06 22:10:13,1746569413.466681,buy,market,82783331
95239.0,5.249e-05,2025-05-06 22:10:13,1746569413.5757513,sell,limit,82783332
95232.5,0.001,2025-05-06 22:10:13,1746569413.5757513,sell,limit,82783333
95230.1,0.00104975,2025-05-06 22:10:15,1746569415.5357032,buy,limit,82783334
95230.0,5.25e-05,2025-05-06 22:10:15,1746569415.6256323,sell,market,82783335
95225.3,5.077e-05,2025-05-06 22:10:15,1746569415.6256323,sell,market,82783336
95203.0,5.251e-05,2025-05-06 22:10:15,1746569415.6256325,sell,market,82783339
95212.0,5.251e-05,2025-05-06 22:10:15,1746569415.6256325,sell,market,82783338
95221.0,5.25e-05,2025-05-06 22:10:15,1746569415.6256325,sell,market,82783337
95194.8,0.00037197,2025-05-06 22:10:15,1746569415.6256325,sell,market,82783342
95200.2,6e-05,2025-05-06 22:10:15,1746569415.6256325,sell,market,82783341
95202.4,5.077e-05,2025-05-06 22:10:15,1746569415.6256325,sell,market,82783340
95194.8,0.00013991,2025-05-06 22:10:19,1746569419.3103461,sell,market,82783343
95194.8,0.00092283,2025-05-06 22:10:25,1746569425.95585,sell,market,82783344
95212.1,5.251e-05,2025-05-06 22:10:30,1746569430.7295895,buy,market,82783346
95221.0,5.251e-05,2025-05-06 22:10:30,1746569430.7295895,buy,market,82783347
95194.9,0.001,2025-05-06 22:10:30,1746569430.7295895,buy,market,82783345
95230.0,5.25e-05,2025-05-06 22:10:30,1746569430.7295895,buy,market,82783348
95241.3,0.00010504,2025-05-06 22:10:30,1746569430.7295897,buy,market,82783350
95238.9,5.25e-05,2025-05-06 22:10:30,1746569430.7295897,buy,market,82783349
95241.4,0.01441636,2025-05-06 22:10:30,1746569430.7295897,buy,market,82783351
95230.0,5.25e-05,2025-05-06 22:10:35,1746569435.6259851,sell,limit,82783352
95223.7,0.03145273,2025-05-06 22:10:35,1746569435.6962657,buy,limit,82783353
95223.6,0.01451287,2025-05-06 22:10:36,1746569436.0071123,sell,market,82783354
95221.1,0.0001,2025-05-06 22:10:46,1746569446.0718565,buy,limit,82783355
95221.0,0.0004319,2025-05-06 22:10:57,1746569457.2673936,sell,limit,82783357
95221.0,5.25e-05,2025-05-06 22:10:57,1746569457.2673936,sell,limit,82783356
95212.1,0.03611176,2025-05-06 22:11:03,1746569463.2084417,buy,limit,82783359
95212.1,0.00010502,2025-05-06 22:11:03,1746569463.2084417,buy,limit,82783358
95212.1,0.00049046,2025-05-06 22:11:03,1746569463.4422212,buy,limit,82783360
95212.1,0.00052514,2025-05-06 22:11:05,1746569465.8277457,buy,market,82783361
95212.0,0.00030405,2025-05-06 22:11:06,1746569466.8984208,sell,market,82783363
95212.0,5.251e-05,2025-05-06 22:11:06,1746569466.8984208,sell,market,82783362
95203.1,0.01049868,2025-05-06 22:11:20,1746569480.9095545,buy,limit,82783364
95203.1,0.00094445,2025-05-06 22:11:26,1746569486.3359878,buy,market,82783365
95212.1,0.00021026,2025-05-06 22:11:32,1746569492.5325818,buy,limit,82783366
95203.2,0.00252,2025-05-06 22:11:39,1746569499.6254344,sell,limit,82783367
95203.3,0.003,2025-05-06 22:11:40,1746569500.31577,buy,limit,82783368
95203.3,0.00025179,2025-05-06 22:11:40,1746569500.31577,buy,limit,82783369
95203.2,0.03,2025-05-06 22:11:41,1746569501.9241498,sell,market,82783370
95212.1,0.00690492,2025-05-06 22:11:42,1746569502.616841,buy,limit,82783373
95203.3,0.00074821,2025-05-06 22:11:42,1746569502.616841,buy,limit,82783371
95212.0,0.00010504,2025-05-06 22:11:42,1746569502.616841,buy,limit,82783372
95212.3,0.00621053,2025-05-06 22:11:42,1746569502.616841,buy,limit,82783375
95212.2,0.00796499,2025-05-06 22:11:42,1746569502.616841,buy,limit,82783374
95203.0,5.251e-05,2025-05-06 22:12:06,1746569526.1873364,sell,market,82783377
95194.0,5.252e-05,2025-05-06 22:12:06,1746569526.1873364,sell,market,82783378
95203.1,0.0001,2025-05-06 22:12:06,1746569526.1873364,sell,market,82783376
95180.4,0.00449457,2025-05-06 22:12:06,1746569526.1873367,sell,market,82783380
95185.0,5.252e-05,2025-05-06 22:12:06,1746569526.1873367,sell,market,82783379
95179.7,0.0001,2025-05-06 22:12:16,1746569536.5692246,buy,limit,82783381
95167.0,5.253e-05,2025-05-06 22:12:19,1746569539.1801848,sell,market,82783384
95159.0,0.00601,2025-05-06 22:12:19,1746569539.1801848,sell,market,82783385
95179.6,5.075e-05,2025-05-06 22:12:19,1746569539.1801848,sell,market,82783382
95176.0,5.253e-05,2025-05-06 22:12:19,1746569539.1801848,sell,market,82783383
95149.0,5.254e-05,2025-05-06 22:12:19,1746569539.180185,sell,market,82783388
95147.0,0.00267834,2025-05-06 22:12:19,1746569539.180185,sell,market,82783389
95156.7,5.077e-05,2025-05-06 22:12:19,1746569539.180185,sell,market,82783387
95158.0,5.254e-05,2025-05-06 22:12:19,1746569539.180185,sell,market,82783386
95140.1,0.00010506,2025-05-06 22:12:23,1746569543.7571418,buy,market,82783391
95140.1,0.01092464,2025-05-06 22:12:23,1746569543.7571418,buy,market,82783392
95140.1,0.135,2025-05-06 22:12:23,1746569543.7571418,buy,market,82783390
95140.0,5.255e-05,2025-05-06 22:12:30,1746569550.7557395,sell,limit,82783393
95131.0,5.255e-05,2025-05-06 22:12:30,1746569550.7881956,sell,limit,82783395
95133.9,5.081e-05,2025-05-06 22:12:30,1746569550.7881956,sell,limit,82783394
95122.1,0.00034632,2025-05-06 22:12:31,1746569551.6964178,buy,market,82783397
95122.1,0.00023489,2025-05-06 22:12:31,1746569551.6964178,buy,market,82783396
95122.1,0.00417091,2025-05-06 22:12:31,1746569551.6964178,buy,market,82783398
95111.1,5.062e-05,2025-05-06 22:12:37,1746569557.268054,sell,limit,82783401
95122.0,5.256e-05,2025-05-06 22:12:37,1746569557.268054,sell,limit,82783399
95113.0,5.256e-05,2025-05-06 22:12:37,1746569557.268054,sell,limit,82783400
95108.7,0.00254385,2025-05-06 22:12:37,1746569557.268054,sell,limit,82783402
95110.1,0.03057314,2025-05-06 22:12:51,1746569571.4768524,sell,market,82783408
95110.1,0.00224098,2025-05-06 22:12:51,1746569571.4768524,sell,market,82783403
95110.1,0.04628248,2025-05-06 22:12:51,1746569571.4768524,sell,market,82783404
95110.1,0.026494,2025-05-06 22:12:51,1746569571.4768524,sell,market,82783407
95110.1,0.1,2025-05-06 22:12:51,1746569571.4768524,sell,market,82783406
95110.1,0.004692,2025-05-06 22:12:51,1746569571.4768524,sell,market,82783405
95110.1,0.00013637,2025-05-06 22:12:51,1746569571.8193016,sell,market,82783409
95110.1,0.00098818,2025-05-06 22:12:52,1746569572.8605118,sell,limit,82783410
95110.1,0.00010018,2025-05-06 22:12:52,1746569572.8718607,sell,limit,82783411
95110.1,0.00213511,2025-05-06 22:12:52,1746569572.8863115,sell,limit,82783412
95110.1,0.00056568,2025-05-06 22:12:52,1746569572.8998804,sell,limit,82783413
95110.1,0.00066518,2025-05-06 22:12:52,1746569572.9116063,sell,limit,82783414
95110.1,0.00010543,2025-05-06 22:13:00,1746569580.3325624,sell,limit,82783415
95110.1,0.00059296,2025-05-06 22:13:00,1746569580.3326528,sell,limit,82783417
95110.1,0.00309457,2025-05-06 22:13:00,1746569580.3326528,sell,limit,82783416
95110.1,0.00087541,2025-05-06 22:13:00,1746569580.332827,sell,limit,82783418
95110.1,0.01102365,2025-05-06 22:13:00,1746569580.3329842,sell,limit,82783419
95110.1,0.00625382,2025-05-06 22:13:00,1746569580.3331397,sell,limit,82783420
95110.1,0.00791171,2025-05-06 22:13:00,1746569580.333847,sell,limit,82783421
95110.1,0.00154244,2025-05-06 22:13:00,1746569580.341674,sell,limit,82783422
95110.1,0.0060969,2025-05-06 22:13:00,1746569580.3439305,sell,limit,82783423
95110.1,0.0001689,2025-05-06 22:13:00,1746569580.3440115,sell,limit,82783424
95110.1,0.00118021,2025-05-06 22:13:00,1746569580.3442721,sell,limit,82783425
95110.1,0.05112759,2025-05-06 22:13:01,1746569581.0780182,sell,limit,82783426
95110.1,0.01647091,2025-05-06 22:13:01,1746569581.1685855,sell,limit,82783428
95110.1,0.01322641,2025-05-06 22:13:01,1746569581.1685855,sell,limit,82783427
95105.5,0.001,2025-05-06 22:13:06,1746569586.4305089,sell,limit,82783430
95105.5,0.00012514,2025-05-06 22:13:06,1746569586.4305089,sell,limit,82783429
95104.0,5.257e-05,2025-05-06 22:13:06,1746569586.440242,sell,limit,82783431
95095.0,5.257e-05,2025-05-06 22:13:06,1746569586.447972,sell,limit,82783432
95088.2,5.059e-05,2025-05-06 22:13:06,1746569586.4548857,sell,limit,82783433
95086.0,5.258e-05,2025-05-06 22:13:08,1746569588.1894188,sell,limit,82783434
95085.7,6e-05,2025-05-06 22:13:09,1746569589.1018772,sell,limit,82783435
95080.1,0.000124,2025-05-06 22:13:15,1746569595.4440584,buy,limit,82783436
95080.0,0.00010543,2025-05-06 22:13:16,1746569596.4094305,sell,limit,82783437
95080.0,0.00087658,2025-05-06 22:13:16,1746569596.4199357,sell,limit,82783438
95080.0,0.00010543,2025-05-06 22:13:16,1746569596.4328048,sell,limit,82783439
95080.0,0.00013735,2025-05-06 22:13:16,1746569596.441934,sell,limit,82783440
95080.0,0.00012803,2025-05-06 22:13:17,1746569597.9532595,sell,limit,82783441
95080.1,0.00788002,2025-05-06 22:13:22,1746569602.7060604,buy,market,82783442
95080.1,0.00019496,2025-05-06 22:13:27,1746569607.8168743,buy,limit,82783443
95080.1,0.02094915,2025-05-06 22:13:28,1746569608.041955,buy,limit,82783444
95080.1,0.00260287,2025-05-06 22:13:32,1746569612.00427,buy,market,82783445
95080.0,0.00507556,2025-05-06 22:13:33,1746569613.8711464,sell,limit,82783446
95080.1,0.001,2025-05-06 22:14:12,1746569652.0329573,buy,market,82783447
95095.0,5.258e-05,2025-05-06 22:14:12,1746569652.0329573,buy,market,82783449
95092.2,0.00013038,2025-05-06 22:14:12,1746569652.0329573,buy,market,82783448
95110.3,0.00419015,2025-05-06 22:14:12,1746569652.0329576,buy,market,82783452
95104.0,5.257e-05,2025-05-06 22:14:12,1746569652.0329576,buy,market,82783450
95110.2,0.01035031,2025-05-06 22:14:12,1746569652.0329576,buy,market,82783451
95110.4,0.001,2025-05-06 22:14:13,1746569653.5468688,buy,limit,82783455
95113.0,5.257e-05,2025-05-06 22:14:13,1746569653.5468688,buy,limit,82783456
95110.4,0.01758195,2025-05-06 22:14:13,1746569653.5468688,buy,limit,82783454
95128.4,0.07343467,2025-05-06 22:14:13,1746569653.5468688,buy,limit,82783458
95122.0,5.256e-05,2025-05-06 22:14:13,1746569653.5468688,buy,limit,82783457
95110.3,0.0104875,2025-05-06 22:14:13,1746569653.5468688,buy,limit,82783453
95128.3,0.00024917,2025-05-06 22:14:57,1746569697.0770652,sell,limit,82783459
95140.1,0.00050613,2025-05-06 22:15:02,1746569702.1697466,buy,limit,82783463
95128.4,0.001,2025-05-06 22:15:02,1746569702.1697466,buy,limit,82783460
95142.6,0.00335812,2025-05-06 22:15:02,1746569702.1697466,buy,limit,82783464
95139.9,5.255e-05,2025-05-06 22:15:02,1746569702.1697466,buy,limit,82783462
95131.0,5.256e-05,2025-05-06 22:15:02,1746569702.1697466,buy,limit,82783461
95145.2,0.00683051,2025-05-06 22:15:04,1746569704.2568178,sell,limit,82783465
95145.2,0.00074375,2025-05-06 22:15:04,1746569704.3204365,sell,limit,82783466
95145.2,0.00802704,2025-05-06 22:15:04,1746569704.3297064,sell,limit,82783467
95145.2,0.00074375,2025-05-06 22:15:04,1746569704.3714962,sell,limit,82783468
95145.2,0.00860813,2025-05-06 22:15:04,1746569704.3950796,sell,limit,82783469
95145.2,0.00638663,2025-05-06 22:15:04,1746569704.457415,sell,limit,82783470
95145.2,0.00586449,2025-05-06 22:15:04,1746569704.522297,sell,limit,82783472
95145.2,0.00261408,2025-05-06 22:15:04,1746569704.522297,sell,limit,82783471
95145.2,0.00074336,2025-05-06 22:15:04,1746569704.722575,sell,limit,82783473
95148.9,0.00087488,2025-05-06 22:15:09,1746569709.315039,sell,limit,82783474
95148.9,0.00074349,2025-05-06 22:15:09,1746569709.3233628,sell,limit,82783475
95149.0,5.255e-05,2025-05-06 22:15:13,1746569713.8041806,buy,limit,82783476
95149.0,0.00044312,2025-05-06 22:15:13,1746569713.8041809,buy,limit,82783477
95148.9,0.00087488,2025-05-06 22:15:14,1746569714.5566528,sell,limit,82783478
95148.9,0.00074349,2025-05-06 22:15:14,1746569714.5655892,sell,limit,82783479
95149.9,0.00074296,2025-05-06 22:15:15,1746569715.0239048,sell,limit,82783480
95149.9,0.00074296,2025-05-06 22:15:15,1746569715.420207,sell,limit,82783481
95149.9,0.00074296,2025-05-06 22:15:15,1746569715.8514125,sell,limit,82783482
95149.9,0.00074296,2025-05-06 22:15:16,1746569716.2831461,sell,limit,82783483
95149.9,0.00074296,2025-05-06 22:15:16,1746569716.717957,sell,limit,82783484
95149.9,0.00074296,2025-05-06 22:15:17,1746569717.1414816,sell,limit,82783485
95149.9,0.00074296,2025-05-06 22:15:17,1746569717.5718596,sell,limit,82783486
95149.9,0.00074296,2025-05-06 22:15:18,1746569718.0118523,sell,limit,82783487
95149.9,0.00074296,2025-05-06 22:15:18,1746569718.431742,sell,limit,82783488
95149.9,0.00074296,2025-05-06 22:15:18,1746569718.8827913,sell,limit,82783489
95149.9,0.00074296,2025-05-06 22:15:19,1746569719.3410318,sell,limit,82783490
95149.9,0.00074296,2025-05-06 22:15:19,1746569719.728015,sell,limit,82783491
95149.9,0.00074293,2025-05-06 22:15:20,1746569720.296858,sell,limit,82783492
95140.0,0.00056976,2025-05-06 22:15:26,1746569726.3444898,sell,limit,82783494
95140.0,5.255e-05,2025-05-06 22:15:26,1746569726.3444898,sell,limit,82783493
95140.0,0.00074233,2025-05-06 22:15:26,1746569726.351415,sell,limit,82783495
95140.1,0.00020711,2025-05-06 22:15:42,1746569742.0326684,buy,limit,82783496
95149.1,0.00056872,2025-05-06 22:15:59,1746569759.0345619,buy,limit,82783498
95149.1,5.255e-05,2025-05-06 22:15:59,1746569759.0345619,buy,limit,82783497
95149.1,0.00022945,2025-05-06 22:16:02,1746569762.7997296,buy,limit,82783500
95149.1,0.00043128,2025-05-06 22:16:02,1746569762.7997296,buy,limit,82783499
95150.0,0.00090349,2025-05-06 22:16:02,1746569762.7997296,buy,limit,82783501
95150.0,9.651e-05,2025-05-06 22:16:17,1746569777.816171,buy,limit,82783502
95158.1,5.254e-05,2025-05-06 22:16:17,1746569777.816171,buy,limit,82783505
95150.0,0.001,2025-05-06 22:16:17,1746569777.816171,buy,limit,82783503
95167.0,5.254e-05,2025-05-06 22:16:17,1746569777.816171,buy,limit,82783506
95152.8,0.01435376,2025-05-06 22:16:17,1746569777.816171,buy,limit,82783504
95175.9,0.00022366,2025-05-06 22:16:18,1746569778.5632255,sell,limit,82783507
95176.0,5.253e-05,2025-05-06 22:16:18,1746569778.6248567,buy,limit,82783508
95183.4,0.00160507,2025-05-06 22:16:18,1746569778.6248567,buy,limit,82783509
95183.4,0.00010253,2025-05-06 22:16:20,1746569780.4927335,buy,limit,82783510
95183.4,0.05,2025-05-06 22:16:21,1746569781.1602657,buy,market,82783511
95183.4,0.001,2025-05-06 22:16:27,1746569787.8659825,buy,market,82783512
95185.0,5.253e-05,2025-05-06 22:16:27,1746569787.8659825,buy,market,82783513
95216.5,0.00878992,2025-05-06 22:16:27,1746569787.8659828,buy,market,82783517
95194.0,5.252e-05,2025-05-06 22:16:27,1746569787.8659828,buy,market,82783514
95212.0,5.251e-05,2025-05-06 22:16:27,1746569787.8659828,buy,market,82783516
95202.9,5.252e-05,2025-05-06 22:16:27,1746569787.8659828,buy,market,82783515
95221.0,0.005764,2025-05-06 22:16:31,1746569791.7453823,sell,market,82783518
95221.0,0.00074401,2025-05-06 22:16:33,1746569793.0766065,sell,limit,82783519
95221.0,0.00074401,2025-05-06 22:16:33,1746569793.0856664,sell,limit,82783520
95221.0,0.00087629,2025-05-06 22:16:33,1746569793.09447,sell,limit,82783521
95221.0,0.00166777,2025-05-06 22:16:33,1746569793.1057296,sell,limit,82783522
95221.0,0.00166333,2025-05-06 22:16:33,1746569793.1167686,sell,limit,82783523
95221.0,0.00167157,2025-05-06 22:16:33,1746569793.1280339,sell,limit,82783524
95221.0,0.00165953,2025-05-06 22:16:33,1746569793.137579,sell,limit,82783525
95221.0,0.00167538,2025-05-06 22:16:33,1746569793.1473434,sell,limit,82783526
95221.0,0.00167712,2025-05-06 22:16:33,1746569793.156522,sell,limit,82783527
95221.0,0.00167886,2025-05-06 22:16:33,1746569793.1653066,sell,limit,82783528
95221.0,0.00028399,2025-05-06 22:16:33,1746569793.1751273,sell,limit,82783529
95221.0,0.00010501,2025-05-06 22:16:33,1746569793.1751273,sell,limit,82783530
95221.0,0.00085171,2025-05-06 22:16:33,1746569793.1751273,sell,limit,82783531
95221.1,0.00099749,2025-05-06 22:16:43,1746569803.578818,buy,limit,82783533
95221.1,5.251e-05,2025-05-06 22:16:43,1746569803.578818,buy,limit,82783532
95226.4,1.45510849,2025-05-06 22:16:43,1746569803.6080918,buy,limit,82783535
95221.1,2.51e-06,2025-05-06 22:16:43,1746569803.6080918,buy,limit,82783534
95230.0,5.25e-05,2025-05-06 22:16:43,1746569803.6283734,buy,limit,82783537
95236.5,0.135,2025-05-06 22:16:43,1746569803.6283734,buy,limit,82783538
95242.6,0.00010502,2025-05-06 22:16:43,1746569803.6283734,buy,limit,82783540
95226.4,0.72963739,2025-05-06 22:16:43,1746569803.6283734,buy,limit,82783536
95239.0,5.25e-05,2025-05-06 22:16:43,1746569803.6283734,buy,limit,82783539
95228.8,0.135,2025-05-06 22:16:43,1746569803.6499524,buy,limit,82783541
95245.3,0.0177,2025-05-06 22:16:43,1746569803.6500444,buy,limit,82783543
95243.9,0.00028786,2025-05-06 22:16:43,1746569803.6500444,buy,limit,82783542
95250.0,0.00311611,2025-05-06 22:16:43,1746569803.6500444,buy,limit,82783545
95248.1,5.249e-05,2025-05-06 22:16:43,1746569803.6500444,buy,limit,82783544
95257.0,5.249e-05,2025-05-06 22:16:43,1746569803.6500447,buy,limit,82783548
95251.2,0.00010502,2025-05-06 22:16:43,1746569803.6500447,buy,limit,82783546
95252.3,0.1,2025-05-06 22:16:43,1746569803.6500447,buy,limit,82783547
95261.7,0.01889909,2025-05-06 22:16:43,1746569803.6594782,buy,limit,82783550
95266.1,5.248e-05,2025-05-06 22:16:43,1746569803.6594782,buy,limit,82783552
95271.1,0.02942251,2025-05-06 22:16:43,1746569803.6594782,buy,limit,82783555
95266.9,0.00414938,2025-05-06 22:16:43,1746569803.6594782,buy,limit,82783553
95261.8,0.00043524,2025-05-06 22:16:43,1746569803.6594782,buy,limit,82783551
95252.1,0.00010502,2025-05-06 22:16:43,1746569803.6594782,buy,limit,82783549
95271.1,0.0023692,2025-05-06 22:16:43,1746569803.6594782,buy,limit,82783554
95274.0,0.00601,2025-05-06 22:16:43,1746569803.6936555,buy,limit,82783557
95278.3,0.02309692,2025-05-06 22:16:43,1746569803.6936555,buy,limit,82783558
95286.6,0.07039814,2025-05-06 22:16:43,1746569803.6936555,buy,limit,82783559
95273.7,0.02099715,2025-05-06 22:16:43,1746569803.6936555,buy,limit,82783556
95307.2,9.928e-05,2025-05-06 22:16:43,1746569803.7010164,buy,limit,82783561
95316.4,5.059e-05,2025-05-06 22:16:43,1746569803.7010164,buy,limit,82783562
95317.7,0.00010915,2025-05-06 22:16:43,1746569803.7010164,buy,limit,82783563
95319.0,1.078,2025-05-06 22:16:43,1746569803.7010164,buy,limit,82783564
95305.0,0.05253,2025-05-06 22:16:43,1746569803.7010164,buy,limit,82783560
95245.2,0.00010502,2025-05-06 22:16:43,1746569803.7581012,buy,limit,82783565
95249.9,0.00010502,2025-05-06 22:16:43,1746569803.7781296,buy,limit,82783566
95260.6,0.00010502,2025-05-06 22:16:43,1746569803.7916055,buy,limit,82783567
95264.9,0.006,2025-05-06 22:16:43,1746569803.7971516,buy,limit,82783568
95264.9,0.094,2025-05-06 22:16:43,1746569803.7992165,buy,limit,82783569
95269.4,0.00010502,2025-05-06 22:16:43,1746569803.7992165,buy,limit,82783570
95282.6,0.01889543,2025-05-06 22:16:43,1746569803.7992165,buy,limit,82783571
95280.9,0.00010502,2025-05-06 22:16:43,1746569803.8588715,buy,limit,82783572
95278.2,0.00010502,2025-05-06 22:16:43,1746569803.8785095,buy,limit,82783573
95324.4,0.08232228,2025-05-06 22:16:44,1746569804.313193,sell,limit,82783574
95324.4,0.00074337,2025-05-06 22:16:44,1746569804.6819453,sell,limit,82783575
95324.4,0.00258514,2025-05-06 22:16:44,1746569804.8748827,sell,limit,82783576
95324.4,0.00087541,2025-05-06 22:16:44,1746569804.8750298,sell,limit,82783577
95324.4,0.00074263,2025-05-06 22:16:44,1746569804.8752432,sell,limit,82783578
95324.4,0.0062098,2025-05-06 22:16:45,1746569805.4022233,sell,limit,82783579
95339.4,5.062e-05,2025-05-06 22:16:50,1746569810.9254313,buy,market,82783580
95339.4,9.93e-05,2025-05-06 22:16:50,1746569810.9254313,buy,market,82783581
95339.4,5.246e-05,2025-05-06 22:16:56,1746569816.0430539,buy,limit,82783589
95339.4,5.246e-05,2025-05-06 22:16:56,1746569816.0430539,buy,limit,82783587
95339.4,5.246e-05,2025-05-06 22:16:56,1746569816.0430539,buy,limit,82783588
95339.4,5.248e-05,2025-05-06 22:16:56,1746569816.0430539,buy,limit,82783585
95339.4,0.0009007,2025-05-06 22:16:56,1746569816.0430539,buy,limit,82783582
95339.4,5.246e-05,2025-05-06 22:16:56,1746569816.0430539,buy,limit,82783590
95339.4,5.246e-05,2025-05-06 22:16:56,1746569816.0430539,buy,limit,82783584
95339.4,5.247e-05,2025-05-06 22:16:56,1746569816.0430539,buy,limit,82783586
95339.4,5.248e-05,2025-05-06 22:16:56,1746569816.0430539,buy,limit,82783583
95347.1,5.246e-05,2025-05-06 22:16:56,1746569816.166848,buy,limit,82783591
95356.0,5.246e-05,2025-05-06 22:17:03,1746569823.2520022,buy,limit,82783592
95356.0,0.001,2025-05-06 22:17:03,1746569823.2520022,buy,limit,82783593
95362.1,0.00594826,2025-05-06 22:17:03,1746569823.4841192,sell,limit,82783594
95362.1,0.00938339,2025-05-06 22:17:03,1746569823.5513215,sell,limit,82783595
95362.2,5.081e-05,2025-05-06 22:17:03,1746569823.5664568,buy,market,82783596
95365.1,5.246e-05,2025-05-06 22:17:03,1746569823.5664568,buy,market,82783597
95372.4,0.00383414,2025-05-06 22:17:03,1746569823.5664568,buy,market,82783598
95372.3,0.00687851,2025-05-06 22:17:03,1746569823.617097,sell,limit,82783599
95372.3,0.0114654,2025-05-06 22:17:03,1746569823.6863816,sell,limit,82783600
95372.3,0.00838388,2025-05-06 22:17:03,1746569823.7534013,sell,limit,82783601
95372.4,0.00229204,2025-05-06 22:17:05,1746569825.499972,buy,limit,82783602
95372.4,0.21203839,2025-05-06 22:17:06,1746569826.7107034,buy,limit,82783603
95374.0,5.246e-05,2025-05-06 22:17:06,1746569826.7199192,buy,limit,82783604
95380.4,0.01,2025-05-06 22:17:06,1746569826.8285,buy,limit,82783605
95383.9,0.01827614,2025-05-06 22:17:06,1746569826.8755593,buy,limit,82783608
95383.0,5.246e-05,2025-05-06 22:17:06,1746569826.8755593,buy,limit,82783607
95380.4,0.00513447,2025-05-06 22:17:06,1746569826.8755593,buy,limit,82783606
95385.1,5.077e-05,2025-05-06 22:17:06,1746569826.8755593,buy,limit,82783609
95388.0,0.00601,2025-05-06 22:17:06,1746569826.8755593,buy,limit,82783610
95391.9,5.246e-05,2025-05-06 22:17:07,1746569827.5931373,buy,limit,82783611
95395.3,0.01,2025-05-06 22:17:09,1746569829.1659815,buy,market,82783612
95395.3,0.00032319,2025-05-06 22:17:13,1746569833.516245,buy,limit,82783613
95395.3,0.00010328,2025-05-06 22:17:40,1746569860.0381992,buy,limit,82783614
95395.3,0.00306034,2025-05-06 22:17:40,1746569860.9350739,buy,limit,82783615
95395.3,0.00104602,2025-05-06 22:17:43,1746569863.5366724,buy,limit,82783616
95395.3,0.0015724,2025-05-06 22:17:53,1746569873.3452578,buy,market,82783617
95395.3,0.00103278,2025-05-06 22:17:54,1746569874.380105,buy,limit,82783618
95395.2,0.06318,2025-05-06 22:17:58,1746569878.6199646,sell,limit,82783619
95395.3,0.00010227,2025-05-06 22:17:59,1746569879.9647748,buy,limit,82783620
95395.3,0.00087412,2025-05-06 22:18:12,1746569892.4526083,buy,market,82783621
95395.3,0.001,2025-05-06 22:18:12,1746569892.4526083,buy,market,82783622
95395.3,0.20777981,2025-05-06 22:18:12,1746569892.4526083,buy,market,82783623
95399.0,0.01022702,2025-05-06 22:18:15,1746569895.6032476,buy,limit,82783624
95399.0,0.00667737,2025-05-06 22:18:19,1746569899.4306793,buy,market,82783625
95399.0,0.00349343,2025-05-06 22:18:20,1746569900.6289449,buy,market,82783626
95398.9,0.02675224,2025-05-06 22:18:31,1746569911.856076,sell,limit,82783627
95399.0,0.01032778,2025-05-06 22:18:37,1746569917.6246161,buy,limit,82783628
95398.9,0.07324776,2025-05-06 22:18:39,1746569919.4169674,sell,limit,82783629
95398.9,0.02975389,2025-05-06 22:18:39,1746569919.4169674,sell,limit,82783630
95399.0,0.00226131,2025-05-06 22:18:47,1746569927.6145334,buy,limit,82783631
95398.9,0.00092526,2025-05-06 22:18:50,1746569930.5733495,sell,limit,82783632
95398.9,0.00254438,2025-05-06 22:18:52,1746569932.9280107,sell,limit,82783634
95398.9,0.00063474,2025-05-06 22:18:52,1746569932.9280107,sell,limit,82783633
95399.0,0.00020655,2025-05-06 22:19:03,1746569943.1178288,buy,limit,82783635
95399.0,0.00309029,2025-05-06 22:19:04,1746569944.6690166,buy,limit,82783636
95399.0,0.00511331,2025-05-06 22:19:05,1746569945.700546,buy,limit,82783637
95398.9,0.00012844,2025-05-06 22:19:10,1746569950.2524805,sell,market,82783638
95398.9,0.02142,2025-05-06 22:19:12,1746569952.5490947,sell,limit,82783639
95399.0,0.01258847,2025-05-06 22:19:18,1746569958.881031,buy,limit,82783640
95399.0,0.00209646,2025-05-06 22:19:19,1746569959.5265338,buy,limit,82783641
95399.0,0.00102266,2025-05-06 22:19:21,1746569961.0920463,buy,limit,82783642
95399.0,0.0100364,2025-05-06 22:19:21,1746569961.7455,buy,limit,82783643
95399.0,0.00049437,2025-05-06 22:19:23,1746569963.7881424,buy,limit,82783644
95399.0,0.00010227,2025-05-06 22:19:29,1746569969.9829898,buy,limit,82783645
95399.0,0.00559482,2025-05-06 22:19:34,1746569974.9919736,buy,market,82783646
95399.0,0.02284017,2025-05-06 22:19:40,1746569980.9359732,buy,limit,82783647
95398.9,0.003528,2025-05-06 22:19:41,1746569981.5689337,sell,limit,82783648
95398.9,0.0009425,2025-05-06 22:19:46,1746569986.326341,sell,limit,82783649
95398.9,0.00031447,2025-05-06 22:19:49,1746569989.960994,sell,market,82783650
95399.0,0.00739271,2025-05-06 22:19:51,1746569991.6370885,buy,limit,82783651
95398.9,0.01021789,2025-05-06 22:20:02,1746570002.1929522,sell,limit,82783652
95399.0,0.00471191,2025-05-06 22:20:03,1746570003.0319057,buy,limit,82783656
95399.0,0.22976794,2025-05-06 22:20:03,1746570003.0319057,buy,limit,82783653
95399.1,0.00416796,2025-05-06 22:20:03,1746570003.0319057,buy,limit,82783657
95399.9,0.00525357,2025-05-06 22:20:03,1746570003.0319057,buy,limit,82783658
95401.0,0.33333333,2025-05-06 22:20:03,1746570003.0319057,buy,limit,82783660
95400.9,5.241e-05,2025-05-06 22:20:03,1746570003.0319057,buy,limit,82783659
95399.0,0.001,2025-05-06 22:20:03,1746570003.0319057,buy,limit,82783654
95399.0,0.00055424,2025-05-06 22:20:03,1746570003.0319057,buy,limit,82783655
95403.0,0.33333333,2025-05-06 22:20:03,1746570003.0319057,buy,limit,82783661
95403.9,0.00731678,2025-05-06 22:20:03,1746570003.033966,buy,limit,82783662
95405.0,0.33333333,2025-05-06 22:20:03,1746570003.033966,buy,limit,82783663
95406.7,0.00118951,2025-05-06 22:20:08,1746570008.1180975,sell,limit,82783664
95406.8,0.0003098,2025-05-06 22:20:10,1746570010.038165,buy,limit,82783665
95406.8,0.00756235,2025-05-06 22:20:10,1746570010.6205432,buy,market,82783666
95407.0,0.00905496,2025-05-06 22:20:23,1746570023.7429137,buy,limit,82783669
95406.8,0.01039829,2025-05-06 22:20:23,1746570023.7429137,buy,limit,82783667
95406.8,0.001,2025-05-06 22:20:23,1746570023.7429137,buy,limit,82783668
95406.9,0.3,2025-05-06 22:20:28,1746570028.0208395,sell,limit,82783670
95407.0,0.16651036,2025-05-06 22:20:40,1746570040.7704754,buy,market,82783671
95407.0,0.02130326,2025-05-06 22:20:43,1746570043.810552,buy,market,82783672
95407.0,0.00102258,2025-05-06 22:20:51,1746570051.1821225,buy,limit,82783673
95407.0,0.00025564,2025-05-06 22:20:56,1746570056.033744,buy,limit,82783674
95407.0,0.00073123,2025-05-06 22:21:02,1746570062.3868473,buy,limit,82783675
95407.0,0.1344553,2025-05-06 22:21:07,1746570067.404443,buy,limit,82783676
95407.0,0.001,2025-05-06 22:21:07,1746570067.404443,buy,limit,82783677
95408.0,5.075e-05,2025-05-06 22:21:07,1746570067.404443,buy,limit,82783680
95409.0,0.33333333,2025-05-06 22:21:07,1746570067.404443,buy,limit,82783681
95407.0,0.00414447,2025-05-06 22:21:07,1746570067.404443,buy,limit,82783678
95407.1,0.00366216,2025-05-06 22:21:07,1746570067.404443,buy,limit,82783679
95411.0,0.33333333,2025-05-06 22:21:07,1746570067.4044433,buy,limit,82783684
95409.9,0.00848267,2025-05-06 22:21:07,1746570067.4044433,buy,limit,82783682
95410.0,5.241e-05,2025-05-06 22:21:07,1746570067.4044433,buy,limit,82783683
95411.9,0.00609653,2025-05-06 22:21:07,1746570067.4071765,buy,limit,82783685
95429.7,0.01826474,2025-05-06 22:21:08,1746570068.4136002,buy,market,82783693
95429.6,6e-05,2025-05-06 22:21:08,1746570068.4136002,buy,market,82783692
95452.6,0.01825905,2025-05-06 22:21:08,1746570068.4136002,buy,market,82783699
95453.8,5.077e-05,2025-05-06 22:21:08,1746570068.4136002,buy,market,82783700
95448.0,0.01599891,2025-05-06 22:21:08,1746570068.4136002,buy,market,82783698
95413.0,0.33333333,2025-05-06 22:21:08,1746570068.4136002,buy,market,82783686
95418.2,0.01810875,2025-05-06 22:21:08,1746570068.4136002,buy,market,82783688
95415.0,0.33333333,2025-05-06 22:21:08,1746570068.4136002,buy,market,82783687
95418.9,5.24e-05,2025-05-06 22:21:08,1746570068.4136002,buy,market,82783689
95423.4,0.01090827,2025-05-06 22:21:08,1746570068.4136002,buy,market,82783690
95430.9,5.077e-05,2025-05-06 22:21:08,1746570068.4136002,buy,market,82783694
95436.9,5.239e-05,2025-05-06 22:21:08,1746570068.4136002,buy,market,82783695
95441.1,0.0181031,2025-05-06 22:21:08,1746570068.4136002,buy,market,82783696
95446.0,5.239e-05,2025-05-06 22:21:08,1746570068.4136002,buy,market,82783697
95428.0,5.24e-05,2025-05-06 22:21:08,1746570068.4136002,buy,market,82783691
95487.6,0.01519966,2025-05-06 22:21:08,1746570068.4136004,buy,market,82783711
95476.7,5.073e-05,2025-05-06 22:21:08,1746570068.4136004,buy,market,82783706
95483.7,0.10642379,2025-05-06 22:21:08,1746570068.4136004,buy,market,82783709
95454.9,5.238e-05,2025-05-06 22:21:08,1746570068.4136004,buy,market,82783701
95482.7,0.04827036,2025-05-06 22:21:08,1746570068.4136004,buy,market,82783708
95475.5,0.01825336,2025-05-06 22:21:08,1746570068.4136004,buy,market,82783705
95464.0,0.01809746,2025-05-06 22:21:08,1746570068.4136004,buy,market,82783704
95486.9,0.01809182,2025-05-06 22:21:08,1746570068.4136004,buy,market,82783710
95482.6,0.0001048,2025-05-06 22:21:08,1746570068.4136004,buy,market,82783707
95459.9,0.00777504,2025-05-06 22:21:08,1746570068.4136004,buy,market,82783702
95460.0,0.001,2025-05-06 22:21:08,1746570068.4136004,buy,market,82783703
95481.4,0.00010473,2025-05-06 22:21:46,1746570106.7306023,buy,market,82783712
95481.4,0.00025796,2025-05-06 22:22:11,1746570131.8659666,buy,limit,82783713
95481.4,0.00103185,2025-05-06 22:22:12,1746570132.2412,buy,limit,82783714
95481.4,0.00475537,2025-05-06 22:22:13,1746570133.5278127,buy,market,82783715
95481.4,0.00031444,2025-05-06 22:22:14,1746570134.6064732,buy,market,82783716
95481.4,0.50443175,2025-05-06 22:22:19,1746570139.3674374,buy,market,82783717
95481.4,0.00290185,2025-05-06 22:22:23,1746570143.2156339,buy,limit,82783718
95481.4,0.00102178,2025-05-06 22:22:25,1746570145.6628952,buy,limit,82783719
95481.4,0.00369937,2025-05-06 22:22:26,1746570146.0157743,buy,limit,82783720
95481.4,0.00034158,2025-05-06 22:22:28,1746570148.3035498,buy,limit,82783721
95481.4,0.00024568,2025-05-06 22:23:19,1746570199.8219047,buy,limit,82783722
95481.4,0.00014233,2025-05-06 22:23:23,1746570203.2587101,buy,limit,82783723
95481.4,0.00061199,2025-05-06 22:23:24,1746570204.654856,buy,market,82783724
95481.4,5.238e-05,2025-05-06 22:23:24,1746570204.654856,buy,market,82783725
95489.9,0.00913292,2025-05-06 22:23:24,1746570204.6548562,buy,market,82783735
95486.7,1.25657,2025-05-06 22:23:24,1746570204.6548562,buy,market,82783734
95491.0,5.236e-05,2025-05-06 22:23:24,1746570204.6548562,buy,market,82783738
95492.4,0.08641416,2025-05-06 22:23:24,1746570204.6548562,buy,market,82783739
95481.6,0.00510174,2025-05-06 22:23:24,1746570204.6548562,buy,market,82783730
95482.0,5.237e-05,2025-05-06 22:23:24,1746570204.6548562,buy,market,82783731
95481.4,0.00082259,2025-05-06 22:23:24,1746570204.6548562,buy,market,82783727
95481.4,5.237e-05,2025-05-06 22:23:24,1746570204.6548562,buy,market,82783726
95484.1,0.00010473,2025-05-06 22:23:24,1746570204.6548562,buy,market,82783732
95484.2,0.219428,2025-05-06 22:23:24,1746570204.6548562,buy,market,82783733
95481.5,0.00593692,2025-05-06 22:23:24,1746570204.6548562,buy,market,82783729
95481.4,0.00426035,2025-05-06 22:23:24,1746570204.6548562,buy,market,82783728
95490.8,0.00017442,2025-05-06 22:23:24,1746570204.6548562,buy,market,82783737
95490.1,0.00976906,2025-05-06 22:23:24,1746570204.6548562,buy,market,82783736
95491.1,0.1,2025-05-06 22:23:26,1746570206.5696352,sell,market,82783740
95491.1,0.4,2025-05-06 22:23:26,1746570206.5696352,sell,market,82783741
95491.2,0.0102178,2025-05-06 22:23:26,1746570206.8286583,buy,limit,82783742
95491.2,0.00010473,2025-05-06 22:23:35,1746570215.848856,buy,limit,82783743
95491.2,7.948e-05,2025-05-06 22:23:35,1746570215.848856,buy,limit,82783744
95491.2,0.00092052,2025-05-06 22:23:40,1746570220.391606,buy,limit,82783745
95491.2,0.00105813,2025-05-06 22:23:40,1746570220.391606,buy,limit,82783746
95491.1,0.001049,2025-05-06 22:23:44,1746570224.9253762,sell,limit,82783747
95491.1,0.00184929,2025-05-06 22:23:44,1746570224.9253762,sell,limit,82783748
95496.8,0.07446087,2025-05-06 22:23:50,1746570230.9683568,sell,market,82783749
95496.8,0.02553913,2025-05-06 22:23:50,1746570230.9683568,sell,market,82783750
95496.8,0.07037247,2025-05-06 22:23:50,1746570230.9683568,sell,market,82783751
95496.8,0.00042936,2025-05-06 22:23:53,1746570233.3659716,sell,limit,82783752
95496.9,0.00470851,2025-05-06 22:23:58,1746570238.4101064,buy,limit,82783754
95496.9,0.00010472,2025-05-06 22:23:58,1746570238.4101064,buy,limit,82783753
95487.5,0.09829362,2025-05-06 22:24:25,1746570265.4214382,buy,market,82783755
95487.4,3.939e-05,2025-05-06 22:24:45,1746570285.8743062,sell,limit,82783756
95487.5,0.0015379,2025-05-06 22:24:47,1746570287.254017,buy,limit,82783757
95487.5,0.00077894,2025-05-06 22:24:48,1746570288.7848442,buy,market,82783758
95487.5,0.00059843,2025-05-06 22:24:57,1746570297.886482,buy,limit,82783759
95487.5,0.00068577,2025-05-06 22:25:26,1746570326.0805619,buy,limit,82783760
95487.5,0.00081971,2025-05-06 22:25:37,1746570337.8391006,buy,market,82783761
95487.5,0.0652,2025-05-06 22:25:38,1746570338.1467354,buy,market,82783762
95487.5,0.00010318,2025-05-06 22:25:47,1746570347.261873,buy,limit,82783763
95487.5,0.15735492,2025-05-06 22:25:51,1746570351.7180078,buy,market,82783764
95487.4,6.061e-05,2025-05-06 22:26:13,1746570373.0754087,sell,limit,82783765
95487.4,2.374e-05,2025-05-06 22:26:13,1746570373.0754087,sell,limit,82783766
95487.5,0.05236287,2025-05-06 22:26:14,1746570374.7769768,buy,market,82783767
95487.4,0.00079125,2025-05-06 22:26:30,1746570390.2822587,sell,market,82783768
95482.1,0.00020841,2025-05-06 22:26:37,1746570397.4389596,buy,limit,82783769
95482.1,0.0099183,2025-05-06 22:26:41,1746570401.7224514,buy,limit,82783770
95482.0,5.236e-05,2025-05-06 22:26:49,1746570409.2025735,sell,limit,82783771
95473.0,4.289e-05,2025-05-06 22:26:49,1746570409.2025735,sell,limit,82783772
95473.1,0.001,2025-05-06 22:26:56,1746570416.806938,buy,market,82783773
95486.4,0.00882656,2025-05-06 22:26:56,1746570416.806938,buy,market,82783774
95486.4,0.0005147,2025-05-06 22:27:00,1746570420.2227328,buy,limit,82783775
95486.4,0.00035762,2025-05-06 22:27:00,1746570420.693484,buy,limit,82783776
95486.4,0.00531952,2025-05-06 22:27:09,1746570429.3504229,buy,limit,82783777
95487.5,0.00169106,2025-05-06 22:27:12,1746570432.4566946,buy,limit,82783781
95491.0,5.236e-05,2025-05-06 22:27:12,1746570432.4566946,buy,limit,82783783
95486.5,0.00612031,2025-05-06 22:27:12,1746570432.4566946,buy,limit,82783780
95492.4,0.007284,2025-05-06 22:27:12,1746570432.4566946,buy,limit,82783784
95486.4,0.00614724,2025-05-06 22:27:12,1746570432.4566946,buy,limit,82783779
95486.4,0.001,2025-05-06 22:27:12,1746570432.4566946,buy,limit,82783778
95489.9,0.00770187,2025-05-06 22:27:12,1746570432.4566946,buy,limit,82783782
95495.0,0.00311842,2025-05-06 22:27:13,1746570433.9768355,buy,limit,82783785
95494.9,0.0166523,2025-05-06 22:27:14,1746570434.368792,sell,market,82783786
95494.9,0.00013181,2025-05-06 22:27:14,1746570434.368792,sell,market,82783789
95494.9,0.00175488,2025-05-06 22:27:14,1746570434.368792,sell,market,82783788
95494.9,0.00281115,2025-05-06 22:27:14,1746570434.368792,sell,market,82783787
95495.0,0.00528541,2025-05-06 22:27:19,1746570439.9622626,buy,market,82783790
95499.7,5.073e-05,2025-05-06 22:27:35,1746570455.2797222,buy,limit,82783799
95500.0,0.26229049,2025-05-06 22:27:35,1746570455.2797222,buy,limit,82783800
95495.0,0.029,2025-05-06 22:27:35,1746570455.2797222,buy,limit,82783793
95498.4,0.01824767,2025-05-06 22:27:35,1746570455.2797222,buy,limit,82783798
95496.9,0.00102098,2025-05-06 22:27:35,1746570455.2797222,buy,limit,82783797
95495.1,0.01232269,2025-05-06 22:27:35,1746570455.2797222,buy,limit,82783796
95495.0,0.5,2025-05-06 22:27:35,1746570455.2797222,buy,limit,82783795
95495.0,0.001,2025-05-06 22:27:35,1746570455.2797222,buy,limit,82783794
95495.0,0.00259617,2025-05-06 22:27:35,1746570455.2797222,buy,limit,82783791
95495.0,0.019,2025-05-06 22:27:35,1746570455.2797222,buy,limit,82783792
95500.0,0.45204286,2025-05-06 22:27:35,1746570455.280709,buy,limit,82783801
95500.0,0.5309191,2025-05-06 22:27:35,1746570455.280709,buy,limit,82783803
95500.0,5e-05,2025-05-06 22:27:35,1746570455.280709,buy,limit,82783802
95500.0,0.03141361,2025-05-06 22:27:35,1746570455.2841454,buy,limit,82783808
95500.0,0.04977906,2025-05-06 22:27:35,1746570455.2841454,buy,limit,82783807
95500.0,0.0052356,2025-05-06 22:27:35,1746570455.2841454,buy,limit,82783805
95500.0,0.01,2025-05-06 22:27:35,1746570455.2841454,buy,limit,82783806
95500.0,0.1190809,2025-05-06 22:27:35,1746570455.2841454,buy,limit,82783804
95500.0,0.000743,2025-05-06 22:27:35,1746570455.2841456,buy,limit,82783810
95500.0,0.00052406,2025-05-06 22:27:35,1746570455.2841456,buy,limit,82783811
95500.0,0.0052356,2025-05-06 22:27:35,1746570455.2841456,buy,limit,82783809
95500.0,0.00105577,2025-05-06 22:27:35,1746570455.2841456,buy,limit,82783812
95500.1,5.236e-05,2025-05-06 22:27:35,1746570455.3910613,buy,market,82783813
95502.0,0.00260942,2025-05-06 22:27:35,1746570455.3910613,buy,market,82783814
95502.0,0.00340058,2025-05-06 22:27:36,1746570456.4139552,buy,limit,82783815
95504.7,0.00015261,2025-05-06 22:27:36,1746570456.4570396,buy,limit,82783816
95508.9,0.00048647,2025-05-06 22:27:37,1746570457.3771753,sell,limit,82783817
95522.5,5.023e-05,2025-05-06 22:27:37,1746570457.5431807,buy,limit,82783828
95514.9,0.05,2025-05-06 22:27:37,1746570457.5431807,buy,limit,82783822
95509.9,0.01824481,2025-05-06 22:27:37,1746570457.5431807,buy,limit,82783819
95518.0,5.235e-05,2025-05-06 22:27:37,1746570457.5431807,buy,limit,82783823
95521.3,0.01808335,2025-05-06 22:27:37,1746570457.5431807,buy,limit,82783827
95521.1,0.000189,2025-05-06 22:27:37,1746570457.5431807,buy,limit,82783826
95520.0,0.00641937,2025-05-06 22:27:37,1746570457.5431807,buy,limit,82783825
95520.0,0.01564415,2025-05-06 22:27:37,1746570457.5431807,buy,limit,82783824
95510.6,0.01445491,2025-05-06 22:27:37,1746570457.5431807,buy,limit,82783821
95509.0,5.235e-05,2025-05-06 22:27:37,1746570457.5431807,buy,limit,82783818
95510.0,0.00026414,2025-05-06 22:27:37,1746570457.5431807,buy,limit,82783820
95526.2,0.00014233,2025-05-06 22:27:49,1746570469.053873,sell,limit,82783829
95526.3,0.00012059,2025-05-06 22:27:49,1746570469.9945765,buy,limit,82783830
95526.3,0.001,2025-05-06 22:27:49,1746570469.9945765,buy,limit,82783831
95526.6,0.00103136,2025-05-06 22:27:57,1746570477.0345113,buy,limit,82783832
95526.6,0.0018878,2025-05-06 22:28:19,1746570499.146716,buy,market,82783833
95526.6,0.001,2025-05-06 22:28:19,1746570499.146716,buy,market,82783834
95528.1,0.00058039,2025-05-06 22:28:19,1746570499.146716,buy,market,82783836
95530.0,0.21547759,2025-05-06 22:28:19,1746570499.146716,buy,market,82783837
95527.1,5.235e-05,2025-05-06 22:28:19,1746570499.146716,buy,market,82783835
95530.0,0.00097456,2025-05-06 22:28:22,1746570502.7283206,buy,market,82783838
95530.0,0.00312696,2025-05-06 22:28:23,1746570503.4694471,buy,market,82783839
95529.9,0.00095685,2025-05-06 22:28:23,1746570503.4696002,sell,market,82783841
95529.9,0.00010467,2025-05-06 22:28:23,1746570503.4696002,sell,market,82783840
95530.0,0.05314816,2025-05-06 22:28:25,1746570505.4883537,buy,limit,82783842
95530.0,0.001,2025-05-06 22:28:25,1746570505.4883537,buy,limit,82783843
95532.8,0.01823913,2025-05-06 22:28:25,1746570505.5208468,buy,limit,82783844
95534.5,0.0100004,2025-05-06 22:28:26,1746570506.6318169,buy,limit,82783846
95534.4,0.000874,2025-05-06 22:28:26,1746570506.6318169,buy,limit,82783845
95535.9,5.234e-05,2025-05-06 22:28:26,1746570506.6884825,buy,limit,82783847
95539.9,0.00019319,2025-05-06 22:28:27,1746570507.6218119,sell,limit,82783848
95555.0,0.00026401,2025-05-06 22:28:35,1746570515.6439474,buy,market,82783861
95546.9,0.00032254,2025-05-06 22:28:35,1746570515.6439474,buy,market,82783856
95545.5,5.022e-05,2025-05-06 22:28:35,1746570515.6439474,buy,market,82783855
95553.9,5.233e-05,2025-05-06 22:28:35,1746570515.6439474,buy,market,82783858
95554.3,0.00115318,2025-05-06 22:28:35,1746570515.6439474,buy,market,82783859
95550.0,0.27272727,2025-05-06 22:28:35,1746570515.6439474,buy,market,82783857
95540.0,0.27272727,2025-05-06 22:28:35,1746570515.6439474,buy,market,82783849
95555.0,0.02117153,2025-05-06 22:28:35,1746570515.6439474,buy,market,82783860
95555.0,0.00768414,2025-05-06 22:28:35,1746570515.6439474,buy,market,82783862
95540.0,0.001,2025-05-06 22:28:35,1746570515.6439474,buy,market,82783850
95555.0,0.40400755,2025-05-06 22:28:35,1746570515.6439474,buy,market,82783863
95544.2,0.01807771,2025-05-06 22:28:35,1746570515.6439474,buy,market,82783852
95544.5,6e-05,2025-05-06 22:28:35,1746570515.6439474,buy,market,82783853
95541.4,0.00064992,2025-05-06 22:28:35,1746570515.6439474,buy,market,82783851
95545.0,5.233e-05,2025-05-06 22:28:35,1746570515.6439474,buy,market,82783854
95555.0,0.00031886,2025-05-06 22:28:42,1746570522.1644084,buy,limit,82783864
95555.0,0.00022921,2025-05-06 22:28:48,1746570528.743315,buy,limit,82783865
95555.0,0.00196286,2025-05-06 22:28:52,1746570532.129281,buy,limit,82783866
95555.0,0.3,2025-05-06 22:28:57,1746570537.206181,buy,limit,82783867
95554.9,0.0001,2025-05-06 22:29:02,1746570542.303813,sell,market,82783868
95555.0,0.0002,2025-05-06 22:29:02,1746570542.5856113,buy,market,82783869
95555.0,0.01,2025-05-06 22:29:03,1746570543.9322553,buy,market,82783870
95554.9,0.05,2025-05-06 22:29:06,1746570546.1560304,sell,market,82783871
95554.9,0.00074428,2025-05-06 22:29:18,1746570558.2169843,sell,market,82783872
95555.0,0.00104652,2025-05-06 22:29:23,1746570563.2482085,buy,market,82783873
95555.0,0.00262054,2025-05-06 22:29:26,1746570566.1773517,buy,limit,82783874
95555.0,0.001,2025-05-06 22:29:31,1746570571.469611,buy,limit,82783877
95555.0,0.00723165,2025-05-06 22:29:31,1746570571.469611,buy,limit,82783878
95555.0,0.19658444,2025-05-06 22:29:31,1746570571.469611,buy,limit,82783876
95555.0,0.07534588,2025-05-06 22:29:31,1746570571.469611,buy,limit,82783875
95555.0,0.00264927,2025-05-06 22:29:31,1746570571.469611,buy,limit,82783879
95555.0,0.1028718,2025-05-06 22:29:31,1746570571.469611,buy,limit,82783881
95555.0,1.164e-05,2025-05-06 22:29:31,1746570571.469611,buy,limit,82783883
95555.0,0.00301162,2025-05-06 22:29:31,1746570571.469611,buy,limit,82783882
95555.0,0.00010611,2025-05-06 22:29:31,1746570571.469611,buy,limit,82783885
95555.0,0.00084916,2025-05-06 22:29:31,1746570571.469611,buy,limit,82783884
95555.0,0.00057072,2025-05-06 22:29:31,1746570571.469611,buy,limit,82783880
95555.0,0.09270183,2025-05-06 22:29:31,1746570571.4696112,buy,limit,82783887
95556.1,0.00278127,2025-05-06 22:29:31,1746570571.4696112,buy,limit,82783892
95559.8,0.0317165,2025-05-06 22:29:31,1746570571.4696112,buy,limit,82783893
95559.9,0.01113839,2025-05-06 22:29:31,1746570571.4696112,buy,limit,82783894
95560.0,0.27272727,2025-05-06 22:29:31,1746570571.4696112,buy,limit,82783895
95555.2,0.00898028,2025-05-06 22:29:31,1746570571.4696112,buy,limit,82783889
95555.1,0.00669017,2025-05-06 22:29:31,1746570571.4696112,buy,limit,82783888
95555.9,0.00409798,2025-05-06 22:29:31,1746570571.4696112,buy,limit,82783891
95555.7,0.01823344,2025-05-06 22:29:31,1746570571.4696112,buy,limit,82783890
95555.0,0.00357,2025-05-06 22:29:31,1746570571.4696112,buy,limit,82783886
95562.9,5.232e-05,2025-05-06 22:29:31,1746570571.4709532,buy,limit,82783897
95562.0,0.00048041,2025-05-06 22:29:31,1746570571.4709532,buy,limit,82783896
95563.7,0.00900321,2025-05-06 22:29:31,1746570571.4741936,buy,limit,82783898
95567.1,0.00029991,2025-05-06 22:29:34,1746570574.2017877,buy,market,82783899
95567.2,0.01823059,2025-05-06 22:29:34,1746570574.201788,buy,market,82783900
95568.4,5.025e-05,2025-05-06 22:29:34,1746570574.201788,buy,market,82783901
95569.9,8.196e-05,2025-05-06 22:29:34,1746570574.201788,buy,market,82783902
95576.4,0.00072905,2025-05-06 22:29:34,1746570574.201788,buy,market,82783908
95577.8,0.00119851,2025-05-06 22:29:34,1746570574.201788,buy,market,82783909
95578.6,0.01806925,2025-05-06 22:29:34,1746570574.201788,buy,market,82783910
95580.0,0.27272727,2025-05-06 22:29:34,1746570574.201788,buy,market,82783912
95580.9,5.231e-05,2025-05-06 22:29:34,1746570574.201788,buy,market,82783913
95571.9,5.232e-05,2025-05-06 22:29:34,1746570574.201788,buy,market,82783907
95570.9,0.0089125,2025-05-06 22:29:34,1746570574.201788,buy,market,82783906
95570.1,0.01115138,2025-05-06 22:29:34,1746570574.201788,buy,market,82783905
95590.0,0.27272727,2025-05-06 22:29:34,1746570574.201788,buy,market,82783914
95579.9,0.01406935,2025-05-06 22:29:34,1746570574.201788,buy,market,82783911
95590.1,0.01822491,2025-05-06 22:29:34,1746570574.201788,buy,market,82783915
95590.1,5.231e-05,2025-05-06 22:29:34,1746570574.201788,buy,market,82783916
95570.0,0.00733374,2025-05-06 22:29:34,1746570574.201788,buy,market,82783904
95570.0,0.27272727,2025-05-06 22:29:34,1746570574.201788,buy,market,82783903
95600.0,0.0001,2025-05-06 22:29:34,1746570574.2017882,buy,market,82783931
95600.0,0.01328,2025-05-06 22:29:34,1746570574.2017882,buy,market,82783929
95600.0,0.18410406,2025-05-06 22:29:34,1746570574.2017882,buy,market,82783932
95600.0,0.000231,2025-05-06 22:29:34,1746570574.2017882,buy,market,82783927
95600.0,0.00020746,2025-05-06 22:29:34,1746570574.2017882,buy,market,82783928
95591.4,5.02e-05,2025-05-06 22:29:34,1746570574.2017882,buy,market,82783917
95596.0,0.00142179,2025-05-06 22:29:34,1746570574.2017882,buy,market,82783918
95599.0,5.23e-05,2025-05-06 22:29:34,1746570574.2017882,buy,market,82783919
95600.0,0.001,2025-05-06 22:29:34,1746570574.2017882,buy,market,82783922
95600.0,0.0127355,2025-05-06 22:29:34,1746570574.2017882,buy,market,82783925
95600.0,0.09678773,2025-05-06 22:29:34,1746570574.2017882,buy,market,82783924
95600.0,0.27272727,2025-05-06 22:29:34,1746570574.2017882,buy,market,82783923
95600.0,0.00783468,2025-05-06 22:29:34,1746570574.2017882,buy,market,82783926
95600.0,0.01,2025-05-06 22:29:34,1746570574.2017882,buy,market,82783921
95599.9,0.00026401,2025-05-06 22:29:34,1746570574.2017882,buy,market,82783920
95600.0,0.00315126,2025-05-06 22:29:34,1746570574.2017882,buy,market,82783930
95600.0,0.000135,2025-05-06 22:29:44,1746570584.3038073,buy,limit,82783933
95600.0,0.00120403,2025-05-06 22:29:46,1746570586.61458,buy,market,82783934
95600.0,0.68022928,2025-05-06 22:29:46,1746570586.6934047,buy,market,82783935
95600.0,0.001,2025-05-06 22:29:46,1746570586.6934047,buy,market,82783937
95600.0,0.10077072,2025-05-06 22:29:46,1746570586.6934047,buy,market,82783938
95600.0,0.018,2025-05-06 22:29:46,1746570586.6934047,buy,market,82783936
95600.0,0.00052301,2025-05-06 22:29:53,1746570593.1304803,buy,market,82783939
95600.0,0.00491267,2025-05-06 22:29:58,1746570598.197601,buy,limit,82783940
95600.0,5.153e-05,2025-05-06 22:30:00,1746570600.0502076,buy,limit,82783941
95600.0,0.0002041,2025-05-06 22:30:02,1746570602.1409218,buy,limit,82783942
95600.0,0.09,2025-05-06 22:30:02,1746570602.179676,buy,limit,82783946
95600.0,0.09,2025-05-06 22:30:02,1746570602.179676,buy,limit,82783945
95600.0,0.01150966,2025-05-06 22:30:02,1746570602.179676,buy,limit,82783943
95600.0,0.09,2025-05-06 22:30:02,1746570602.179676,buy,limit,82783947
95600.0,0.09,2025-05-06 22:30:02,1746570602.179676,buy,limit,82783944
95600.0,0.05666666,2025-05-06 22:30:02,1746570602.1796763,buy,limit,82783948
95601.6,0.01822206,2025-05-06 22:30:02,1746570602.2152328,buy,limit,82783949
95614.2,5.019e-05,2025-05-06 22:30:02,1746570602.2321723,buy,limit,82783955
95618.1,0.000503,2025-05-06 22:30:02,1746570602.2321723,buy,limit,82783958
95610.0,0.27272727,2025-05-06 22:30:02,1746570602.2321723,buy,limit,82783953
95613.1,0.01821921,2025-05-06 22:30:02,1746570602.2321723,buy,limit,82783954
95605.0,0.00013841,2025-05-06 22:30:02,1746570602.2321723,buy,limit,82783951
95608.0,5.23e-05,2025-05-06 22:30:02,1746570602.2321723,buy,limit,82783952
95617.0,5.229e-05,2025-05-06 22:30:02,1746570602.2321723,buy,limit,82783957
95620.0,0.06,2025-05-06 22:30:02,1746570602.2321723,buy,limit,82783960
95620.0,0.27272727,2025-05-06 22:30:02,1746570602.2321723,buy,limit,82783959
95617.0,0.00601,2025-05-06 22:30:02,1746570602.2321723,buy,limit,82783956
95602.8,0.00134254,2025-05-06 22:30:02,1746570602.2321723,buy,limit,82783950
95621.6,0.00019581,2025-05-06 22:30:03,1746570603.087725,buy,limit,82783961
95621.6,0.001,2025-05-06 22:30:06,1746570606.6646664,buy,limit,82783963
95621.6,0.18880419,2025-05-06 22:30:06,1746570606.6646664,buy,limit,82783962
95625.0,0.001,2025-05-06 22:30:06,1746570606.6676843,buy,limit,82783965
95626.0,5.229e-05,2025-05-06 22:30:06,1746570606.6676843,buy,limit,82783966
95624.5,0.01805798,2025-05-06 22:30:06,1746570606.6676843,buy,limit,82783964
95630.0,0.27272727,2025-05-06 22:30:06,1746570606.6676843,buy,limit,82783967
95634.9,5.228e-05,2025-05-06 22:30:09,1746570609.7057307,buy,limit,82783968
95636.0,0.00994772,2025-05-06 22:30:09,1746570609.7057307,buy,limit,82783969
95634.8,5e-05,2025-05-06 22:30:09,1746570609.7059097,sell,market,82783970
95636.9,0.00064828,2025-05-06 22:30:10,1746570610.5050178,buy,limit,82783972
95636.0,0.00826582,2025-05-06 22:30:10,1746570610.5050178,buy,limit,82783971
95637.2,5.019e-05,2025-05-06 22:30:10,1746570610.5547597,buy,limit,82783973
95643.9,0.00010361,2025-05-06 22:30:10,1746570610.9300272,sell,limit,82783974
95644.0,0.0004594,2025-05-06 22:30:13,1746570613.3055568,buy,limit,82783976
95644.0,5.228e-05,2025-05-06 22:30:13,1746570613.3055568,buy,limit,82783975
95644.9,0.00026376,2025-05-06 22:30:14,1746570614.8116658,buy,market,82783978
95644.0,0.0005406,2025-05-06 22:30:14,1746570614.8116658,buy,market,82783977
95647.5,0.01166876,2025-05-06 22:30:14,1746570614.8116658,buy,market,82783979
95647.4,0.00010455,2025-05-06 22:30:14,1746570614.9277585,sell,market,82783980
95647.4,0.01018299,2025-05-06 22:30:14,1746570614.9277585,sell,market,82783981
95647.4,0.01553538,2025-05-06 22:30:15,1746570615.2236855,sell,market,82783982
95647.4,0.01022336,2025-05-06 22:30:15,1746570615.5846586,sell,market,82783983
95647.4,0.03559801,2025-05-06 22:30:15,1746570615.9047763,sell,market,82783984
95647.4,0.02349408,2025-05-06 22:30:16,1746570616.1364012,sell,market,82783985
95647.4,0.01111662,2025-05-06 22:30:17,1746570617.494972,sell,market,82783987
95647.4,0.00936653,2025-05-06 22:30:17,1746570617.494972,sell,market,82783988
95647.4,0.00951685,2025-05-06 22:30:17,1746570617.494972,sell,market,82783986
95647.5,0.001,2025-05-06 22:30:18,1746570618.5389867,buy,market,82783990
95647.5,0.00654193,2025-05-06 22:30:18,1746570618.5389867,buy,market,82783989
95648.8,0.01210373,2025-05-06 22:30:18,1746570618.5389867,buy,market,82783991
95648.8,0.00675524,2025-05-06 22:30:24,1746570624.6840918,buy,market,82783992
95648.7,0.00010454,2025-05-06 22:30:26,1746570626.038734,sell,limit,82783993
95648.7,4.546e-05,2025-05-06 22:30:26,1746570626.038734,sell,limit,82783994
95648.8,0.16,2025-05-06 22:30:26,1746570626.5255396,buy,limit,82783995
95648.8,0.001,2025-05-06 22:30:26,1746570626.5311923,buy,limit,82783997
95650.0,0.29579216,2025-05-06 22:30:26,1746570626.5311923,buy,limit,82783998
95648.8,0.00320784,2025-05-06 22:30:26,1746570626.5311923,buy,limit,82783996
95659.0,0.01820784,2025-05-06 22:30:26,1746570626.5540767,buy,limit,82784001
95660.1,5.018e-05,2025-05-06 22:30:26,1746570626.5540767,buy,limit,82784004
95650.0,0.00420784,2025-05-06 22:30:26,1746570626.5540767,buy,limit,82783999
95659.5,6e-05,2025-05-06 22:30:26,1746570626.5540767,buy,limit,82784002
95653.1,5.227e-05,2025-05-06 22:30:26,1746570626.5540767,buy,limit,82784000
95660.0,0.3,2025-05-06 22:30:26,1746570626.5540767,buy,limit,82784003
95665.8,0.01114024,2025-05-06 22:30:26,1746570626.554077,buy,limit,82784006
95662.0,5.227e-05,2025-05-06 22:30:26,1746570626.554077,buy,limit,82784005
95666.7,5e-05,2025-05-06 22:30:26,1746570626.590572,buy,limit,82784007
95667.8,5.129e-05,2025-05-06 22:30:26,1746570626.6201332,buy,limit,82784008
95670.0,0.3,2025-05-06 22:30:26,1746570626.6256218,buy,limit,82784009
95670.4,0.01804671,2025-05-06 22:30:26,1746570626.6256218,buy,limit,82784010
95674.1,0.02447597,2025-05-06 22:30:26,1746570626.6325088,buy,limit,82784013
95680.0,0.3,2025-05-06 22:30:26,1746570626.6325088,buy,limit,82784016
95678.0,0.001,2025-05-06 22:30:26,1746570626.6325088,buy,limit,82784015
95674.6,0.000413,2025-05-06 22:30:26,1746570626.6325088,buy,limit,82784014
95670.9,5.226e-05,2025-05-06 22:30:26,1746570626.6325088,buy,limit,82784011
95673.6,0.002,2025-05-06 22:30:26,1746570626.6325088,buy,limit,82784012
95680.1,5.226e-05,2025-05-06 22:30:26,1746570626.647401,buy,limit,82784017
95681.9,0.01820218,2025-05-06 22:30:26,1746570626.6650822,buy,limit,82784018
95683.1,5.019e-05,2025-05-06 22:30:26,1746570626.666262,buy,limit,82784019
95685.8,0.00776488,2025-05-06 22:30:26,1746570626.7178223,sell,limit,82784020
95685.8,0.00223512,2025-05-06 22:30:26,1746570626.7178223,sell,limit,82784021
95685.9,0.00029992,2025-05-06 22:30:26,1746570626.9052684,buy,limit,82784022
95686.0,0.00195488,2025-05-06 22:30:26,1746570626.9052684,buy,limit,82784023
95698.1,0.0239,2025-05-06 22:30:26,1746570626.9578383,buy,limit,82784029
95690.1,0.00026364,2025-05-06 22:30:26,1746570626.9578383,buy,limit,82784027
95690.0,0.00022278,2025-05-06 22:30:26,1746570626.9578383,buy,limit,82784025
95690.0,0.3,2025-05-06 22:30:26,1746570626.9578383,buy,limit,82784026
95700.0,0.3,2025-05-06 22:30:26,1746570626.9578383,buy,limit,82784033
95701.9,0.00892296,2025-05-06 22:30:26,1746570626.9578383,buy,limit,82784034
95700.0,0.06948798,2025-05-06 22:30:26,1746570626.9578383,buy,limit,82784032
95700.0,0.01,2025-05-06 22:30:26,1746570626.9578383,buy,limit,82784031
95693.4,0.01819934,2025-05-06 22:30:26,1746570626.9578383,buy,limit,82784028
95699.8,0.00010449,2025-05-06 22:30:26,1746570626.9578383,buy,limit,82784030
95689.0,5.225e-05,2025-05-06 22:30:26,1746570626.9578383,buy,limit,82784024
95688.9,0.00401764,2025-05-06 22:30:26,1746570626.9583726,sell,market,82784035
95705.1,0.00541461,2025-05-06 22:30:26,1746570626.96206,buy,limit,82784037
95704.9,0.01819649,2025-05-06 22:30:26,1746570626.96206,buy,limit,82784036
95706.0,5.016e-05,2025-05-06 22:30:27,1746570627.6048024,buy,limit,82784038
95707.0,5.224e-05,2025-05-06 22:30:27,1746570627.6263688,buy,limit,82784039
95712.0,0.04,2025-05-06 22:30:34,1746570634.3088722,buy,limit,82784040
95712.0,5.324e-05,2025-05-06 22:30:35,1746570635.6401184,buy,market,82784041
95711.9,0.00422893,2025-05-06 22:30:35,1746570635.7202935,sell,limit,82784042
95711.9,0.00258657,2025-05-06 22:30:35,1746570635.7202935,sell,limit,82784043
95712.0,0.00034676,2025-05-06 22:30:35,1746570635.9886332,buy,limit,82784044
95712.0,5.225e-05,2025-05-06 22:30:35,1746570635.9886332,buy,limit,82784046
95712.0,0.001,2025-05-06 22:30:35,1746570635.9886332,buy,limit,82784045
95716.4,0.01819365,2025-05-06 22:30:36,1746570636.145215,buy,limit,82784049
95715.6,9.819e-05,2025-05-06 22:30:36,1746570636.145215,buy,limit,82784047
95715.9,5.224e-05,2025-05-06 22:30:36,1746570636.145215,buy,limit,82784048
95725.6,0.00668143,2025-05-06 22:30:36,1746570636.6180775,buy,limit,82784054
95725.5,0.00029992,2025-05-06 22:30:36,1746570636.6180775,buy,limit,82784053
95724.1,0.00110439,2025-05-06 22:30:36,1746570636.6180775,buy,limit,82784050
95724.3,0.00043283,2025-05-06 22:30:36,1746570636.6180775,buy,limit,82784051
95725.0,5.223e-05,2025-05-06 22:30:36,1746570636.6180775,buy,limit,82784052
95734.0,5.223e-05,2025-05-06 22:30:36,1746570636.6180775,buy,limit,82784063
95734.9,0.00026351,2025-05-06 22:30:36,1746570636.6180775,buy,limit,82784064
95732.0,0.00601,2025-05-06 22:30:36,1746570636.6180775,buy,limit,82784057
95732.5,0.00023428,2025-05-06 22:30:36,1746570636.6180775,buy,limit,82784058
95729.1,5.015e-05,2025-05-06 22:30:36,1746570636.6180775,buy,limit,82784055
95732.6,0.00064862,2025-05-06 22:30:36,1746570636.6180775,buy,limit,82784059
95730.3,0.00026499,2025-05-06 22:30:36,1746570636.6180775,buy,limit,82784056
95733.4,0.00012783,2025-05-06 22:30:36,1746570636.6180775,buy,limit,82784061
95733.4,0.00060936,2025-05-06 22:30:36,1746570636.6180775,buy,limit,82784060
95733.8,0.00607979,2025-05-06 22:30:36,1746570636.6180775,buy,limit,82784062
95742.2,0.00023444,2025-05-06 22:30:38,1746570638.929207,buy,limit,82784065
95742.9,5.222e-05,2025-05-06 22:30:38,1746570638.9296076,buy,limit,82784066
95747.3,0.00261343,2025-05-06 22:30:38,1746570638.9304972,buy,limit,82784068
95747.0,0.00021717,2025-05-06 22:30:38,1746570638.9304972,buy,limit,82784067
95750.0,0.00132877,2025-05-06 22:30:38,1746570638.942468,buy,limit,82784069
95753.1,0.00104435,2025-05-06 22:30:38,1746570638.9424682,buy,limit,82784075
95752.1,5.005e-05,2025-05-06 22:30:38,1746570638.9424682,buy,limit,82784072
95760.9,5.221e-05,2025-05-06 22:30:38,1746570638.9424682,buy,limit,82784077
95759.6,0.00123516,2025-05-06 22:30:38,1746570638.9424682,buy,limit,82784076
95752.1,5.222e-05,2025-05-06 22:30:38,1746570638.9424682,buy,limit,82784073
95750.2,0.00109865,2025-05-06 22:30:38,1746570638.9424682,buy,limit,82784071
95752.8,0.00966714,2025-05-06 22:30:38,1746570638.9424682,buy,limit,82784074
95750.0,0.5,2025-05-06 22:30:38,1746570638.9424682,buy,limit,82784070
95761.5,0.00072,2025-05-06 22:30:39,1746570639.0409453,buy,limit,82784078
95774.3,0.02419696,2025-05-06 22:30:39,1746570639.0466173,buy,limit,82784087
95761.5,0.01040909,2025-05-06 22:30:39,1746570639.0466173,buy,limit,82784079
95770.0,5.245e-05,2025-05-06 22:30:39,1746570639.0466173,buy,limit,82784084
95772.2,0.0001075,2025-05-06 22:30:39,1746570639.0466173,buy,limit,82784086
95768.6,0.00099232,2025-05-06 22:30:39,1746570639.0466173,buy,limit,82784083
95770.1,0.00051431,2025-05-06 22:30:39,1746570639.0466173,buy,limit,82784085
95767.3,0.001,2025-05-06 22:30:39,1746570639.0466173,buy,limit,82784082
95765.1,0.00072737,2025-05-06 22:30:39,1746570639.0466173,buy,limit,82784081
95761.5,0.001,2025-05-06 22:30:39,1746570639.0466173,buy,limit,82784080
95774.6,0.01,2025-05-06 22:30:39,1746570639.0525424,buy,limit,82784089
95774.7,6e-05,2025-05-06 22:30:39,1746570639.0525424,buy,limit,82784090
95774.3,0.04080304,2025-05-06 22:30:39,1746570639.0525424,buy,limit,82784088
95775.0,5.012e-05,2025-05-06 22:30:39,1746570639.0525424,buy,limit,82784091
95779.3,0.00029989,2025-05-06 22:30:39,1746570639.0536194,buy,limit,82784092
95779.4,0.00011105,2025-05-06 22:30:39,1746570639.0536194,buy,limit,82784093
95780.0,0.00522029,2025-05-06 22:30:39,1746570639.054501,buy,limit,82784094
95784.9,0.00019221,2025-05-06 22:30:39,1746570639.1205726,buy,limit,82784095
95798.0,5.011e-05,2025-05-06 22:30:39,1746570639.1205728,buy,limit,82784099
95789.6,9.661e-05,2025-05-06 22:30:39,1746570639.1205728,buy,limit,82784098
95789.5,0.00022141,2025-05-06 22:30:39,1746570639.1205728,buy,limit,82784097
95785.4,0.00021298,2025-05-06 22:30:39,1746570639.1205728,buy,limit,82784096
95800.0,0.02094,2025-05-06 22:30:39,1746570639.1205728,buy,limit,82784103
95802.2,0.00114431,2025-05-06 22:30:39,1746570639.1205728,buy,limit,82784104
95804.0,0.03,2025-05-06 22:30:39,1746570639.1205728,buy,limit,82784105
95800.0,0.001,2025-05-06 22:30:39,1746570639.1205728,buy,limit,82784101
95800.0,0.01,2025-05-06 22:30:39,1746570639.1205728,buy,limit,82784102
95800.0,0.05242222,2025-05-06 22:30:39,1746570639.1205728,buy,limit,82784100
95819.6,0.00052181,2025-05-06 22:30:39,1746570639.7713354,sell,limit,82784106
95819.7,0.00029989,2025-05-06 22:30:39,1746570639.7783341,buy,market,82784107
95819.8,0.03635449,2025-05-06 22:30:39,1746570639.7783341,buy,market,82784108
95831.3,0.0181653,2025-05-06 22:30:39,1746570639.7783341,buy,market,82784110
95821.0,5.113e-05,2025-05-06 22:30:39,1746570639.7783341,buy,market,82784109
95842.8,0.01816245,2025-05-06 22:30:39,1746570639.7783341,buy,market,82784112
95842.6,0.00022365,2025-05-06 22:30:39,1746570639.7783341,buy,market,82784111
95843.0,5e-05,2025-05-06 22:30:39,1746570639.7783341,buy,market,82784113
95847.0,0.00601,2025-05-06 22:30:39,1746570639.7783344,buy,market,82784116
95850.0,0.09637796,2025-05-06 22:30:39,1746570639.7783344,buy,market,82784117
95843.8,0.0008594,2025-05-06 22:30:39,1746570639.7783344,buy,market,82784114
95844.0,5.11e-05,2025-05-06 22:30:39,1746570639.7783344,buy,market,82784115
95849.9,0.00105346,2025-05-06 22:30:40,1746570640.2625065,sell,market,82784118
95850.0,5.245e-05,2025-05-06 22:30:40,1746570640.6560504,buy,market,82784129
95850.0,5.245e-05,2025-05-06 22:30:40,1746570640.6560504,buy,market,82784126
95854.3,0.00525101,2025-05-06 22:30:40,1746570640.6560504,buy,market,82784132
95850.4,0.00012831,2025-05-06 22:30:40,1746570640.6560504,buy,market,82784130
95850.0,0.00362204,2025-05-06 22:30:40,1746570640.6560504,buy,market,82784119
95850.0,0.00026339,2025-05-06 22:30:40,1746570640.6560504,buy,market,82784122
95851.0,5.245e-05,2025-05-06 22:30:40,1746570640.6560504,buy,market,82784131
95850.0,5.245e-05,2025-05-06 22:30:40,1746570640.6560504,buy,market,82784123
95850.0,5.245e-05,2025-05-06 22:30:40,1746570640.6560504,buy,market,82784125
95850.0,5.245e-05,2025-05-06 22:30:40,1746570640.6560504,buy,market,82784124
95850.0,5.242e-05,2025-05-06 22:30:40,1746570640.6560504,buy,market,82784127
95850.0,5.242e-05,2025-05-06 22:30:40,1746570640.6560504,buy,market,82784128
95850.0,5.245e-05,2025-05-06 22:30:40,1746570640.6560504,buy,market,82784121
95850.0,0.00026326,2025-05-06 22:30:40,1746570640.6560504,buy,market,82784120
95854.2,5.249e-05,2025-05-06 22:30:48,1746570648.1472273,sell,market,82784133
95854.2,0.00062473,2025-05-06 22:30:49,1746570649.11103,sell,limit,82784134
95854.3,0.00272081,2025-05-06 22:30:52,1746570652.1902835,buy,limit,82784135
95854.2,0.00064797,2025-05-06 22:30:52,1746570652.9159892,sell,limit,82784136
95854.2,0.00011475,2025-05-06 22:30:56,1746570656.137883,sell,market,82784137
95854.2,0.029,2025-05-06 22:30:58,1746570658.28154,sell,limit,82784140
95854.2,0.01023728,2025-05-06 22:30:58,1746570658.28154,sell,limit,82784138
95854.2,0.019,2025-05-06 22:30:58,1746570658.28154,sell,limit,82784139
95847.0,0.00028032,2025-05-06 22:30:58,1746570658.4166553,sell,limit,82784141
95847.1,0.006914,2025-05-06 22:31:01,1746570661.036285,buy,limit,82784142
95847.1,0.00013003,2025-05-06 22:31:03,1746570663.3555648,buy,limit,82784143
95847.1,0.00025698,2025-05-06 22:31:10,1746570670.4650514,buy,limit,82784144
95833.0,5.217e-05,2025-05-06 22:31:15,1746570675.4496891,sell,limit,82784147
95847.0,0.00572968,2025-05-06 22:31:15,1746570675.4496891,sell,limit,82784145
95842.0,5.216e-05,2025-05-06 22:31:15,1746570675.4496891,sell,limit,82784146
95824.0,5.217e-05,2025-05-06 22:31:16,1746570676.44392,sell,limit,82784148
95815.1,0.98654262,2025-05-06 22:31:16,1746570676.4645422,buy,market,82784149
95815.1,0.00104332,2025-05-06 22:31:17,1746570677.938715,buy,limit,82784150
95815.1,0.00208665,2025-05-06 22:31:20,1746570680.187154,buy,market,82784151
95815.0,5.218e-05,2025-05-06 22:31:20,1746570680.3954215,sell,limit,82784152
95806.0,5.218e-05,2025-05-06 22:31:20,1746570680.5367358,sell,limit,82784153
95797.2,0.00051664,2025-05-06 22:31:25,1746570685.1118057,buy,limit,82784154
95779.0,5.22e-05,2025-05-06 22:31:32,1746570692.5071654,sell,market,82784158
95797.0,5.219e-05,2025-05-06 22:31:32,1746570692.5071654,sell,market,82784156
95770.0,5.22e-05,2025-05-06 22:31:32,1746570692.5071654,sell,market,82784159
95797.1,0.00297178,2025-05-06 22:31:32,1746570692.5071654,sell,market,82784155
95788.0,5.219e-05,2025-05-06 22:31:32,1746570692.5071654,sell,market,82784157
95752.0,5.221e-05,2025-05-06 22:31:32,1746570692.5071654,sell,market,82784161
95738.4,0.0091607,2025-05-06 22:31:32,1746570692.5071654,sell,market,82784162
95761.0,5.221e-05,2025-05-06 22:31:32,1746570692.5071654,sell,market,82784160
95738.5,0.00052163,2025-05-06 22:31:34,1746570694.4027526,buy,limit,82784163
95738.4,0.00021413,2025-05-06 22:31:46,1746570706.6728532,sell,limit,82784164
95738.4,0.000203,2025-05-06 22:31:52,1746570712.5535989,sell,limit,82784165
95738.5,0.07492845,2025-05-06 22:32:01,1746570721.476004,buy,market,82784166
95738.5,0.00341363,2025-05-06 22:32:13,1746570733.533852,buy,limit,82784169
95738.5,0.00068155,2025-05-06 22:32:13,1746570733.533852,buy,limit,82784168
95738.5,0.001,2025-05-06 22:32:13,1746570733.533852,buy,limit,82784167
95738.5,5.222e-05,2025-05-06 22:32:26,1746570746.4256659,buy,market,82784170
95738.5,0.00010445,2025-05-06 22:32:42,1746570762.4795833,buy,market,82784171
95738.5,0.03149555,2025-05-06 22:32:42,1746570762.4795833,buy,market,82784172
95738.4,5.222e-05,2025-05-06 22:32:50,1746570770.8083465,sell,limit,82784173
95734.1,9.401e-05,2025-05-06 22:32:57,1746570777.9356165,buy,market,82784174
95734.1,0.00057367,2025-05-06 22:32:59,1746570779.7081542,buy,limit,82784175
95732.0,0.00028311,2025-05-06 22:33:00,1746570780.3936062,sell,limit,82784177
95734.0,5.222e-05,2025-05-06 22:33:00,1746570780.3936062,sell,limit,82784176
95732.1,0.001493,2025-05-06 22:33:11,1746570791.8818278,buy,market,82784178
95732.0,7.312e-05,2025-05-06 22:33:12,1746570792.810018,sell,market,82784179
95732.1,2.309e-05,2025-05-06 22:33:12,1746570792.8998122,buy,limit,82784180
95732.1,0.00026222,2025-05-06 22:33:14,1746570794.8987615,buy,limit,82784181
95732.1,0.0144254,2025-05-06 22:33:19,1746570799.5884078,buy,limit,82784183
95732.1,0.00071469,2025-05-06 22:33:19,1746570799.5884078,buy,limit,82784182
95732.1,0.0017366,2025-05-06 22:33:20,1746570800.2408993,sell,market,82784184
95732.2,0.00051457,2025-05-06 22:33:20,1746570800.7034655,buy,limit,82784185
95732.2,0.00413247,2025-05-06 22:33:26,1746570806.861945,buy,market,82784186
95732.2,0.000227,2025-05-06 22:33:27,1746570807.694226,buy,limit,82784187
95732.1,0.00229977,2025-05-06 22:33:27,1746570807.7121816,sell,limit,82784188
95732.2,0.00257125,2025-05-06 22:33:40,1746570820.6568623,buy,market,82784189
95732.1,0.00229204,2025-05-06 22:33:40,1746570820.9913027,sell,limit,82784190
95732.1,0.15340697,2025-05-06 22:33:44,1746570824.074812,sell,limit,82784191
95732.0,0.00565377,2025-05-06 22:33:44,1746570824.1051595,sell,limit,82784193
95732.1,0.06722326,2025-05-06 22:33:44,1746570824.1051595,sell,limit,82784192
95716.0,5.223e-05,2025-05-06 22:33:44,1746570824.1226358,sell,limit,82784195
95707.0,5.224e-05,2025-05-06 22:33:44,1746570824.1226358,sell,limit,82784196
95725.0,5.223e-05,2025-05-06 22:33:44,1746570824.1226358,sell,limit,82784194
95698.0,5.224e-05,2025-05-06 22:33:49,1746570829.7113626,sell,limit,82784197
95647.6,0.02299466,2025-05-06 22:33:49,1746570829.7113628,sell,limit,82784202
95653.7,0.01881381,2025-05-06 22:33:49,1746570829.7113628,sell,limit,82784200
95648.7,0.00078411,2025-05-06 22:33:49,1746570829.7113628,sell,limit,82784201
95680.0,5.225e-05,2025-05-06 22:33:49,1746570829.7113628,sell,limit,82784199
95689.0,5.225e-05,2025-05-06 22:33:49,1746570829.7113628,sell,limit,82784198
95645.3,0.00804543,2025-05-06 22:33:49,1746570829.7113628,sell,limit,82784203
95617.0,0.00601,2025-05-06 22:33:57,1746570837.7611935,sell,market,82784207
95617.9,0.02090961,2025-05-06 22:33:57,1746570837.7611935,sell,market,82784206
95637.4,0.008,2025-05-06 22:33:57,1746570837.7611935,sell,market,82784204
95633.0,0.0002305,2025-05-06 22:33:57,1746570837.7611935,sell,market,82784205
95604.3,0.00010459,2025-05-06 22:33:57,1746570837.7611938,sell,market,82784209
95614.5,5.112e-05,2025-05-06 22:33:57,1746570837.7611938,sell,market,82784208
95604.2,0.06817364,2025-05-06 22:33:57,1746570837.7611938,sell,market,82784210
95607.0,0.02600027,2025-05-06 22:34:00,1746570840.1568465,sell,limit,82784211
95607.0,0.0002061,2025-05-06 22:34:01,1746570841.7801774,sell,limit,82784212
95607.1,0.00171105,2025-05-06 22:34:03,1746570843.1020393,buy,market,82784213
95607.0,0.00794655,2025-05-06 22:34:03,1746570843.7088559,sell,market,82784214
95607.0,0.00795364,2025-05-06 22:34:06,1746570846.5875707,sell,market,82784215
95607.0,0.00792985,2025-05-06 22:34:06,1746570846.7255676,sell,market,82784216
95607.1,0.000374,2025-05-06 22:34:11,1746570851.938122,buy,market,82784217
95607.0,0.00522974,2025-05-06 22:34:16,1746570856.6989553,sell,market,82784218
95607.0,0.00074127,2025-05-06 22:34:18,1746570858.4141793,sell,market,82784219
95607.0,0.00074011,2025-05-06 22:34:25,1746570865.5132384,sell,market,82784220
95607.1,0.001,2025-05-06 22:34:32,1746570872.062886,buy,limit,82784221
95642.8,0.00010459,2025-05-06 22:34:41,1746570881.6342769,buy,limit,82784222
95642.8,1.82e-06,2025-05-06 22:34:41,1746570881.634277,buy,limit,82784223
95642.7,5.227e-05,2025-05-06 22:34:45,1746570885.9817572,sell,market,82784226
95642.7,5.227e-05,2025-05-06 22:34:45,1746570885.9817572,sell,market,82784227
95642.7,0.00019429,2025-05-06 22:34:45,1746570885.9817572,sell,market,82784228
95642.7,5.227e-05,2025-05-06 22:34:45,1746570885.9817572,sell,market,82784224
95642.7,5.227e-05,2025-05-06 22:34:45,1746570885.9817572,sell,market,82784225
95642.8,0.001,2025-05-06 22:34:49,1746570889.1609504,buy,market,82784229
95657.2,0.00046768,2025-05-06 22:34:49,1746570889.1609504,buy,market,82784231
95652.9,5.227e-05,2025-05-06 22:34:49,1746570889.1609504,buy,market,82784230
95657.1,6.253e-05,2025-05-06 22:34:50,1746570890.1212046,sell,limit,82784232
95662.0,5.227e-05,2025-05-06 22:34:52,1746570892.164956,buy,limit,82784235
95657.2,0.00251118,2025-05-06 22:34:52,1746570892.164956,buy,limit,82784233
95684.4,0.01888095,2025-05-06 22:34:52,1746570892.164956,buy,limit,82784239
95657.2,0.001,2025-05-06 22:34:52,1746570892.164956,buy,limit,82784234
95671.0,5.227e-05,2025-05-06 22:34:52,1746570892.164956,buy,limit,82784236
95684.3,0.00010455,2025-05-06 22:34:52,1746570892.164956,buy,limit,82784238
95679.9,5.227e-05,2025-05-06 22:34:52,1746570892.164956,buy,limit,82784237
95684.3,0.00010455,2025-05-06 22:34:56,1746570896.434619,buy,market,82784240
95684.3,0.00141482,2025-05-06 22:34:56,1746570896.434619,buy,market,82784241
95684.3,0.00285265,2025-05-06 22:35:04,1746570904.2338297,buy,market,82784242
95684.3,0.00305884,2025-05-06 22:35:04,1746570904.5746078,buy,limit,82784243
95684.2,3.214e-05,2025-05-06 22:35:12,1746570912.8044388,sell,limit,82784244
95684.4,0.00461185,2025-05-06 22:35:20,1746570920.8547854,buy,limit,82784247
95684.3,0.001,2025-05-06 22:35:20,1746570920.8547854,buy,limit,82784245
95684.5,0.0071263,2025-05-06 22:35:20,1746570920.8547854,buy,limit,82784248
95684.3,0.00512795,2025-05-06 22:35:20,1746570920.8547854,buy,limit,82784246
95689.0,5.225e-05,2025-05-06 22:35:21,1746570921.259172,buy,market,82784249
95698.0,5.225e-05,2025-05-06 22:35:21,1746570921.259172,buy,market,82784252
95689.9,0.00709253,2025-05-06 22:35:21,1746570921.259172,buy,market,82784250
95693.0,0.01032015,2025-05-06 22:35:21,1746570921.259172,buy,market,82784251
95700.0,0.05845568,2025-05-06 22:35:21,1746570921.259172,buy,market,82784253
95700.0,0.3281,2025-05-06 22:35:22,1746570922.3530145,buy,limit,82784255
95700.0,0.14564441,2025-05-06 22:35:22,1746570922.3530145,buy,limit,82784256
95700.0,0.44554432,2025-05-06 22:35:22,1746570922.3530145,buy,limit,82784254
95699.9,0.00049571,2025-05-06 22:35:30,1746570930.0335999,sell,limit,82784257
95700.0,0.00085528,2025-05-06 22:35:36,1746570936.4609733,buy,market,82784258
95700.0,0.00373025,2025-05-06 22:35:45,1746570945.5794613,buy,limit,82784259
95700.0,0.00373025,2025-05-06 22:35:45,1746570945.5794613,buy,limit,82784259
95700.0,0.01767006,2025-05-06 22:35:46,1746570946.004577,buy,market,82784260
95709.9,0.01241556,2025-05-06 22:35:46,1746570946.004577,buy,market,82784263
95707.0,5.224e-05,2025-05-06 22:35:46,1746570946.004577,buy,market,82784262
95700.0,0.001,2025-05-06 22:35:46,1746570946.004577,buy,market,82784261
95716.0,5.224e-05,2025-05-06 22:35:46,1746570946.004577,buy,market,82784264
95734.0,5.223e-05,2025-05-06 22:35:46,1746570946.004577,buy,market,82784268
95732.2,0.00479778,2025-05-06 22:35:46,1746570946.004577,buy,market,82784267
95732.0,0.00601,2025-05-06 22:35:46,1746570946.004577,buy,market,82784266
95724.9,5.223e-05,2025-05-06 22:35:46,1746570946.004577,buy,market,82784265
95743.0,5.222e-05,2025-05-06 22:35:46,1746570946.0045772,buy,market,82784269
95748.6,0.00010449,2025-05-06 22:35:46,1746570946.0045772,buy,market,82784270
95748.7,0.0621933,2025-05-06 22:35:46,1746570946.0045772,buy,market,82784271
95748.3,0.00010449,2025-05-06 22:35:47,1746570947.5121706,buy,limit,82784272
95748.7,0.00499274,2025-05-06 22:35:47,1746570947.5121706,buy,limit,82784273
95748.3,0.00010449,2025-05-06 22:35:48,1746570948.6131382,buy,market,82784274
95748.7,0.00048108,2025-05-06 22:35:48,1746570948.6131382,buy,market,82784275
95748.7,0.00050972,2025-05-06 22:35:49,1746570949.748502,buy,limit,82784276
95748.7,0.001,2025-05-06 22:35:52,1746570952.5042849,buy,market,82784277
95755.8,0.68450495,2025-05-06 22:35:52,1746570952.504285,buy,market,82784283
95751.2,0.10642379,2025-05-06 22:35:52,1746570952.504285,buy,market,82784280
95752.0,5.222e-05,2025-05-06 22:35:52,1746570952.504285,buy,market,82784281
95750.0,0.0009996,2025-05-06 22:35:52,1746570952.504285,buy,market,82784279
95748.7,0.00010444,2025-05-06 22:35:52,1746570952.504285,buy,market,82784278
95753.6,0.206915,2025-05-06 22:35:52,1746570952.504285,buy,market,82784282
95755.8,0.25,2025-05-06 22:35:53,1746570953.0189064,buy,market,82784284
95755.8,0.25,2025-05-06 22:35:53,1746570953.0189064,buy,market,82784285
95755.8,0.00241364,2025-05-06 22:35:53,1746570953.1703675,buy,market,82784286
95755.8,0.04131133,2025-05-06 22:36:03,1746570963.9970744,buy,market,82784289
95755.8,0.001,2025-05-06 22:36:03,1746570963.9970744,buy,market,82784288
95755.8,0.00010444,2025-05-06 22:36:03,1746570963.9970744,buy,market,82784287
95755.8,7.511e-05,2025-05-06 22:36:08,1746570968.9658623,buy,limit,82784290
95755.8,0.02,2025-05-06 22:36:18,1746570978.585424,buy,market,82784291
95743.0,5.222e-05,2025-05-06 22:36:37,1746570997.5731468,sell,limit,82784292
95725.0,5.223e-05,2025-05-06 22:36:39,1746570999.583643,sell,limit,82784294
95734.0,5.222e-05,2025-05-06 22:36:39,1746570999.583643,sell,limit,82784293
95716.0,5.223e-05,2025-05-06 22:36:39,1746570999.583643,sell,limit,82784295
95707.0,5.224e-05,2025-05-06 22:37:03,1746571023.078419,sell,market,82784296
95698.0,5.224e-05,2025-05-06 22:37:03,1746571023.078419,sell,market,82784297
95692.8,2.896e-05,2025-05-06 22:37:03,1746571023.078419,sell,market,82784298
95701.0,0.01979632,2025-05-06 22:37:22,1746571042.2558074,buy,limit,82784301
95700.9,0.0001045,2025-05-06 22:37:22,1746571042.2558074,buy,limit,82784300
95690.1,0.001,2025-05-06 22:37:22,1746571042.2558074,buy,limit,82784299
95701.0,0.00049281,2025-05-06 22:37:28,1746571048.6871397,buy,limit,82784302
95695.7,0.00034078,2025-05-06 22:37:42,1746571062.218766,buy,limit,82784303
95695.6,0.00021,2025-05-06 22:37:54,1746571074.4846175,sell,limit,82784304
95695.7,0.00010449,2025-05-06 22:37:58,1746571078.4161253,buy,limit,82784306
95695.7,0.00065922,2025-05-06 22:37:58,1746571078.4161253,buy,limit,82784305
95695.7,0.00443516,2025-05-06 22:37:58,1746571078.4161253,buy,limit,82784307
95695.6,0.00014462,2025-05-06 22:38:02,1746571082.415651,sell,market,82784308
95695.7,0.00013945,2025-05-06 22:38:13,1746571093.1889248,buy,market,82784309
95695.7,0.07314853,2025-05-06 22:38:36,1746571116.2225742,buy,market,82784310
95695.7,0.01568939,2025-05-06 22:38:36,1746571116.910769,buy,market,82784311
95695.7,0.00305848,2025-05-06 22:38:39,1746571119.4440818,buy,limit,82784312
95695.7,0.00051477,2025-05-06 22:38:43,1746571123.0384023,buy,limit,82784313
95695.6,0.00109095,2025-05-06 22:38:45,1746571125.5788667,sell,limit,82784315
95690.0,0.00088828,2025-05-06 22:38:45,1746571125.5788667,sell,limit,82784316
95695.6,0.00016787,2025-05-06 22:38:45,1746571125.5788667,sell,limit,82784314
95689.0,5.225e-05,2025-05-06 22:38:49,1746571129.4290667,sell,limit,82784317
95680.0,5.225e-05,2025-05-06 22:38:49,1746571129.5687435,sell,limit,82784318
95653.0,5.227e-05,2025-05-06 22:38:49,1746571129.5687437,sell,limit,82784321
95662.0,5.226e-05,2025-05-06 22:38:49,1746571129.5687437,sell,limit,82784320
95671.0,5.226e-05,2025-05-06 22:38:49,1746571129.5687437,sell,limit,82784319
95631.4,1.02e-05,2025-05-06 22:38:51,1746571131.7740388,buy,limit,82784322
95631.4,0.02315889,2025-05-06 22:38:52,1746571132.911253,buy,limit,82784323
95631.4,0.001,2025-05-06 22:39:14,1746571154.1333642,buy,limit,82784324
95631.4,0.01707957,2025-05-06 22:39:14,1746571154.1333642,buy,limit,82784325
95643.6,0.00010456,2025-05-06 22:39:14,1746571154.1333642,buy,limit,82784326
95643.7,0.03957974,2025-05-06 22:39:14,1746571154.1333642,buy,limit,82784327
95650.8,0.00010456,2025-05-06 22:39:19,1746571159.4454494,buy,limit,82784328
95650.8,0.00060538,2025-05-06 22:39:19,1746571159.4454494,buy,limit,82784329
95646.0,0.0316497,2025-05-06 22:39:21,1746571161.3332517,sell,limit,82784330
95662.0,0.00024804,2025-05-06 22:39:27,1746571167.9604573,buy,market,82784332
95662.0,5.227e-05,2025-05-06 22:39:27,1746571167.9604573,buy,market,82784331
95662.0,0.00014227,2025-05-06 22:39:33,1746571173.474662,buy,market,82784333
95670.9,5.226e-05,2025-05-06 22:39:38,1746571178.2110512,buy,market,82784334
95676.0,0.01127168,2025-05-06 22:39:38,1746571178.2110515,buy,market,82784337
95670.9,0.001,2025-05-06 22:39:38,1746571178.2110515,buy,market,82784336
95670.9,0.00010453,2025-05-06 22:39:38,1746571178.2110515,buy,market,82784335
95662.1,0.00102018,2025-05-06 22:39:48,1746571188.4265928,buy,limit,82784338
95662.1,0.00014917,2025-05-06 22:39:52,1746571192.3563306,buy,market,82784339
95662.1,0.00072728,2025-05-06 22:39:52,1746571192.4190524,buy,limit,82784340
95662.1,0.00025496,2025-05-06 22:39:58,1746571198.6150823,buy,limit,82784341
95662.0,0.00254191,2025-05-06 22:40:11,1746571211.4330184,sell,limit,82784351
95662.0,0.00051,2025-05-06 22:40:11,1746571211.4330184,sell,limit,82784347
95662.0,0.06168,2025-05-06 22:40:11,1746571211.4330184,sell,limit,82784344
95662.0,0.00292,2025-05-06 22:40:11,1746571211.4330184,sell,limit,82784343
95662.0,0.00255,2025-05-06 22:40:11,1746571211.4330184,sell,limit,82784346
95662.0,0.1,2025-05-06 22:40:11,1746571211.4330184,sell,limit,82784350
95662.0,5.226e-05,2025-05-06 22:40:11,1746571211.4330184,sell,limit,82784342
95662.0,0.00347,2025-05-06 22:40:11,1746571211.4330184,sell,limit,82784345
95662.0,0.02090694,2025-05-06 22:40:11,1746571211.4330184,sell,limit,82784349
95662.0,0.03160235,2025-05-06 22:40:11,1746571211.4330184,sell,limit,82784348
95662.0,0.0187681,2025-05-06 22:40:11,1746571211.4330187,sell,limit,82784352
95662.0,0.05499844,2025-05-06 22:40:11,1746571211.4330187,sell,limit,82784353
95662.1,0.00085478,2025-05-06 22:40:15,1746571215.4471765,buy,limit,82784354
95670.9,0.001,2025-05-06 22:40:27,1746571227.9637969,buy,limit,82784356
95670.9,5.226e-05,2025-05-06 22:40:27,1746571227.9637969,buy,limit,82784355
95671.5,0.00170776,2025-05-06 22:40:27,1746571227.9884996,buy,limit,82784357
95679.9,5.226e-05,2025-05-06 22:40:29,1746571229.1323721,buy,limit,82784359
95679.9,0.00067581,2025-05-06 22:40:29,1746571229.1323721,buy,limit,82784358
95698.0,5.225e-05,2025-05-06 22:40:29,1746571229.5687459,buy,limit,82784360
95700.0,0.00029695,2025-05-06 22:40:29,1746571229.9414866,buy,limit,82784361
95699.9,0.09989552,2025-05-06 22:40:37,1746571237.1808321,sell,market,82784363
95699.9,0.00010448,2025-05-06 22:40:37,1746571237.1808321,sell,market,82784362
95699.9,0.00154439,2025-05-06 22:40:37,1746571237.8592439,sell,limit,82784364
95700.0,0.25070838,2025-05-06 22:40:38,1746571238.9785242,buy,limit,82784365
95700.0,0.5644662,2025-05-06 22:40:38,1746571238.9785242,buy,limit,82784366
95700.0,0.18,2025-05-06 22:40:39,1746571239.4974523,buy,limit,82784367
95699.9,0.00081664,2025-05-06 22:40:40,1746571240.0348172,sell,limit,82784368
95700.0,5.225e-05,2025-05-06 22:40:40,1746571240.1887546,buy,limit,82784371
95700.0,0.00452847,2025-05-06 22:40:40,1746571240.1887546,buy,limit,82784369
95700.0,0.001,2025-05-06 22:40:40,1746571240.1887546,buy,limit,82784370
95707.0,5.224e-05,2025-05-06 22:40:40,1746571240.1915116,buy,limit,82784372
95707.2,0.0065,2025-05-06 22:40:41,1746571241.0819097,buy,limit,82784373
95712.0,0.00030868,2025-05-06 22:40:41,1746571241.0828292,buy,limit,82784376
95707.2,9.332e-05,2025-05-06 22:40:41,1746571241.0828292,buy,limit,82784374
95709.9,0.005498,2025-05-06 22:40:41,1746571241.0828292,buy,limit,82784375
95712.0,0.00562682,2025-05-06 22:40:41,1746571241.099126,buy,limit,82784377
95715.9,5.224e-05,2025-05-06 22:40:41,1746571241.116247,buy,limit,82784378
95719.9,0.00158932,2025-05-06 22:40:41,1746571241.1258109,buy,limit,82784379
95719.9,0.00792932,2025-05-06 22:40:45,1746571245.5547948,buy,limit,82784380
95724.9,5.223e-05,2025-05-06 22:40:45,1746571245.5547948,buy,limit,82784381
95730.0,0.0015669,2025-05-06 22:40:45,1746571245.557673,buy,limit,82784382
95730.3,0.01025636,2025-05-06 22:40:46,1746571246.533815,buy,limit,82784383
95730.3,0.001,2025-05-06 22:40:46,1746571246.533815,buy,limit,82784384
95733.9,0.00035279,2025-05-06 22:40:49,1746571249.4312735,sell,limit,82784385
95734.0,5.223e-05,2025-05-06 22:40:54,1746571254.6278207,buy,limit,82784386
95734.0,0.00098523,2025-05-06 22:40:54,1746571254.6278207,buy,limit,82784387
95739.9,0.0002498,2025-05-06 22:41:00,1746571260.8552384,sell,market,82784388
95740.0,0.00236593,2025-05-06 22:41:08,1746571268.1347365,buy,limit,82784389
95739.9,0.07159584,2025-05-06 22:41:09,1746571269.5083127,sell,market,82784392
95739.9,0.10444965,2025-05-06 22:41:09,1746571269.5083127,sell,market,82784391
95739.9,0.02185384,2025-05-06 22:41:09,1746571269.5083127,sell,market,82784390
95740.0,0.0031612,2025-05-06 22:41:10,1746571270.0855155,buy,limit,82784393
95740.0,0.001,2025-05-06 22:41:26,1746571286.4168832,buy,limit,82784394
95740.0,0.92030648,2025-05-06 22:41:26,1746571286.4168832,buy,limit,82784398
95740.0,0.09,2025-05-06 22:41:26,1746571286.4168832,buy,limit,82784399
95740.0,0.09,2025-05-06 22:41:26,1746571286.4168832,buy,limit,82784396
95740.0,0.07969352,2025-05-06 22:41:26,1746571286.4168832,buy,limit,82784397
95740.0,0.00096793,2025-05-06 22:41:26,1746571286.4168832,buy,limit,82784395
95740.0,0.02846867,2025-05-06 22:41:26,1746571286.4168832,buy,limit,82784401
95740.0,0.09,2025-05-06 22:41:26,1746571286.4168832,buy,limit,82784400
95740.0,0.05666666,2025-05-06 22:41:26,1746571286.4208508,buy,limit,82784403
95740.0,0.06153133,2025-05-06 22:41:26,1746571286.4208508,buy,limit,82784402
95743.0,5.222e-05,2025-05-06 22:41:26,1746571286.4247818,buy,limit,82784404
95752.0,5.222e-05,2025-05-06 22:41:26,1746571286.4602745,buy,limit,82784405
95757.6,0.01,2025-05-06 22:41:26,1746571286.5417433,buy,limit,82784407
95754.1,0.01517881,2025-05-06 22:41:26,1746571286.5417433,buy,limit,82784406
95770.0,5.221e-05,2025-05-06 22:41:37,1746571297.1608307,buy,limit,82784410
95760.9,5.221e-05,2025-05-06 22:41:37,1746571297.1608307,buy,limit,82784408
95779.0,5.22e-05,2025-05-06 22:41:37,1746571297.1608307,buy,limit,82784411
95760.9,0.001,2025-05-06 22:41:37,1746571297.1608307,buy,limit,82784409
95797.0,5.219e-05,2025-05-06 22:41:37,1746571297.160831,buy,limit,82784413
95799.9,0.00892919,2025-05-06 22:41:37,1746571297.160831,buy,limit,82784414
95788.0,5.22e-05,2025-05-06 22:41:37,1746571297.160831,buy,limit,82784412
95799.8,0.00262797,2025-05-06 22:41:38,1746571298.395842,sell,limit,82784416
95799.8,0.00010438,2025-05-06 22:41:38,1746571298.395842,sell,limit,82784415
95799.9,0.00025415,2025-05-06 22:41:43,1746571303.6441846,buy,market,82784417
95799.9,0.00018817,2025-05-06 22:41:54,1746571314.9310446,buy,market,82784418
95800.0,0.0012541,2025-05-06 22:41:56,1746571316.725908,buy,limit,82784421
95799.9,0.00055768,2025-05-06 22:41:56,1746571316.725908,buy,limit,82784419
95799.9,0.00046729,2025-05-06 22:41:56,1746571316.725908,buy,limit,82784420
95800.0,0.00077608,2025-05-06 22:41:56,1746571316.7259083,buy,limit,82784422
95800.0,0.00104384,2025-05-06 22:41:59,1746571319.777785,buy,market,82784423
95800.0,0.00034206,2025-05-06 22:42:07,1746571327.9952476,buy,market,82784424
95800.0,0.1062596,2025-05-06 22:42:12,1746571332.7835517,buy,limit,82784425
95800.0,0.07434583,2025-05-06 22:42:23,1746571343.3661304,buy,limit,82784428
95800.0,0.01087063,2025-05-06 22:42:23,1746571343.3661304,buy,limit,82784426
95800.0,0.80636196,2025-05-06 22:42:23,1746571343.3661304,buy,limit,82784427
95800.1,0.00446945,2025-05-06 22:42:23,1746571343.3661306,buy,limit,82784431
95800.0,0.00385372,2025-05-06 22:42:23,1746571343.3661306,buy,limit,82784430
95800.0,0.001,2025-05-06 22:42:23,1746571343.3661306,buy,limit,82784429
95806.0,5.219e-05,2025-05-06 22:42:25,1746571345.2246697,buy,limit,82784435
95800.2,0.0078683,2025-05-06 22:42:25,1746571345.2246697,buy,limit,82784432
95804.0,0.00021701,2025-05-06 22:42:25,1746571345.2246697,buy,limit,82784433
95809.3,0.00038816,2025-05-06 22:42:25,1746571345.2246697,buy,limit,82784436
95804.9,0.00642114,2025-05-06 22:42:25,1746571345.2246697,buy,limit,82784434
95809.3,0.00011262,2025-05-06 22:42:28,1746571348.4113877,buy,market,82784437
95809.3,0.001,2025-05-06 22:42:30,1746571350.2376187,buy,limit,82784439
95809.3,6.989e-05,2025-05-06 22:42:30,1746571350.2376187,buy,limit,82784438
95815.0,0.01026513,2025-05-06 22:42:33,1746571353.601759,buy,limit,82784442
95809.9,0.00873487,2025-05-06 22:42:33,1746571353.601759,buy,limit,82784440
95809.9,0.001,2025-05-06 22:42:33,1746571353.601759,buy,limit,82784441
95815.0,5.218e-05,2025-05-06 22:42:33,1746571353.6025476,buy,limit,82784444
95815.0,0.00795048,2025-05-06 22:42:33,1746571353.6025476,buy,limit,82784443
95847.1,0.0002574,2025-05-06 22:42:33,1746571353.8111799,buy,limit,82784452
95855.4,0.0002999,2025-05-06 22:42:33,1746571353.8111799,buy,limit,82784457
95854.3,0.01018781,2025-05-06 22:42:33,1746571353.8111799,buy,limit,82784455
95824.1,5.218e-05,2025-05-06 22:42:33,1746571353.8111799,buy,limit,82784446
95833.1,5.217e-05,2025-05-06 22:42:33,1746571353.8111799,buy,limit,82784447
95844.0,5.112e-05,2025-05-06 22:42:33,1746571353.8111799,buy,limit,82784449
95842.0,5.217e-05,2025-05-06 22:42:33,1746571353.8111799,buy,limit,82784448
95844.9,0.0096069,2025-05-06 22:42:33,1746571353.8111799,buy,limit,82784450
95823.2,0.00916534,2025-05-06 22:42:33,1746571353.8111799,buy,limit,82784445
95847.0,0.00601,2025-05-06 22:42:33,1746571353.8111799,buy,limit,82784451
95854.3,0.0121,2025-05-06 22:42:33,1746571353.8111799,buy,limit,82784456
95853.1,0.00725036,2025-05-06 22:42:33,1746571353.8111799,buy,limit,82784454
95851.1,5.216e-05,2025-05-06 22:42:33,1746571353.8111799,buy,limit,82784453
95872.2,0.019,2025-05-06 22:42:33,1746571353.81118,buy,limit,82784463
95861.1,0.00013798,2025-05-06 22:42:33,1746571353.81118,buy,limit,82784460
95857.5,0.01111795,2025-05-06 22:42:33,1746571353.81118,buy,limit,82784459
95856.9,0.00119501,2025-05-06 22:42:33,1746571353.81118,buy,limit,82784458
95872.2,0.029,2025-05-06 22:42:33,1746571353.81118,buy,limit,82784465
95872.2,0.011,2025-05-06 22:42:33,1746571353.81118,buy,limit,82784464
95867.0,5.009e-05,2025-05-06 22:42:33,1746571353.81118,buy,limit,82784462
95864.1,0.00035253,2025-05-06 22:42:33,1746571353.81118,buy,limit,82784461
95876.7,0.00162298,2025-05-06 22:42:33,1746571353.81118,buy,limit,82784466
95881.1,8.458e-05,2025-05-06 22:42:36,1746571356.3858783,buy,market,82784467
95881.1,0.00031302,2025-05-06 22:42:38,1746571358.1289725,buy,limit,82784468
95881.1,5.242e-05,2025-05-06 22:42:38,1746571358.1289728,buy,limit,82784472
95881.1,5.242e-05,2025-05-06 22:42:38,1746571358.1289728,buy,limit,82784469
95881.1,5.245e-05,2025-05-06 22:42:38,1746571358.1289728,buy,limit,82784470
95881.5,0.00014143,2025-05-06 22:42:38,1746571358.1289728,buy,limit,82784473
95881.1,0.00026314,2025-05-06 22:42:38,1746571358.1289728,buy,limit,82784471
95887.0,5.245e-05,2025-05-06 22:42:38,1746571358.3353245,buy,limit,82784474
95888.0,0.018,2025-05-06 22:42:38,1746571358.3353245,buy,limit,82784475
95891.8,0.00104284,2025-05-06 22:42:38,1746571358.3353248,buy,limit,82784479
95905.0,5.245e-05,2025-05-06 22:42:38,1746571358.3353248,buy,limit,82784487
95890.0,6e-05,2025-05-06 22:42:38,1746571358.3353248,buy,limit,82784477
95896.0,5.245e-05,2025-05-06 22:42:38,1746571358.3353248,buy,limit,82784482
95892.1,0.00903798,2025-05-06 22:42:38,1746571358.3353248,buy,limit,82784480
95895.6,0.0002999,2025-05-06 22:42:38,1746571358.3353248,buy,limit,82784481
95888.3,0.00295722,2025-05-06 22:42:38,1746571358.3353248,buy,limit,82784476
95890.0,5.009e-05,2025-05-06 22:42:38,1746571358.3353248,buy,limit,82784478
95899.7,0.0010966,2025-05-06 22:42:38,1746571358.3353248,buy,limit,82784484
95896.1,0.00087263,2025-05-06 22:42:38,1746571358.3353248,buy,limit,82784483
95900.0,0.00018,2025-05-06 22:42:38,1746571358.3353248,buy,limit,82784485
95900.3,0.19957413,2025-05-06 22:42:38,1746571358.3353248,buy,limit,82784486
95906.4,7.142e-05,2025-05-06 22:42:38,1746571358.3353248,buy,limit,82784488
95911.8,0.01814548,2025-05-06 22:42:38,1746571358.3585658,buy,limit,82784489
95913.0,0.00227641,2025-05-06 22:42:38,1746571358.386114,buy,limit,82784490
95913.0,5.009e-05,2025-05-06 22:42:38,1746571358.386114,buy,limit,82784491
95913.9,5.245e-05,2025-05-06 22:42:38,1746571358.386114,buy,limit,82784492
95915.0,0.00026301,2025-05-06 22:42:38,1746571358.386114,buy,limit,82784493
95923.1,5.242e-05,2025-05-06 22:42:38,1746571358.41033,buy,limit,82784494
95925.9,0.00024078,2025-05-06 22:42:38,1746571358.41033,buy,limit,82784498
95924.1,0.00064732,2025-05-06 22:42:38,1746571358.41033,buy,limit,82784496
95924.5,0.02441204,2025-05-06 22:42:38,1746571358.41033,buy,limit,82784497
95923.3,0.01814266,2025-05-06 22:42:38,1746571358.41033,buy,limit,82784495
95929.0,0.001,2025-05-06 22:42:38,1746571358.481725,buy,limit,82784500
95928.6,5.292e-05,2025-05-06 22:42:38,1746571358.481725,buy,limit,82784499
95939.2,6.622e-05,2025-05-06 22:42:38,1746571358.557526,buy,limit,82784504
95932.9,0.00072937,2025-05-06 22:42:38,1746571358.557526,buy,limit,82784501
95934.8,0.01813983,2025-05-06 22:42:38,1746571358.557526,buy,limit,82784502
95936.0,5.009e-05,2025-05-06 22:42:38,1746571358.557526,buy,limit,82784503
95945.9,0.17959901,2025-05-06 22:42:38,1746571358.6724744,buy,limit,82784506
95944.8,0.00040099,2025-05-06 22:42:38,1746571358.6724744,buy,limit,82784505
95946.4,0.0182947,2025-05-06 22:42:38,1746571358.6960406,buy,limit,82784509
95946.2,0.00107803,2025-05-06 22:42:38,1746571358.6960406,buy,limit,82784508
95945.9,0.00940099,2025-05-06 22:42:38,1746571358.6960406,buy,limit,82784507
95953.5,0.01110684,2025-05-06 22:42:38,1746571358.6994894,buy,limit,82784511
95957.9,0.01813416,2025-05-06 22:42:38,1746571358.6994894,buy,limit,82784513
95957.0,0.00020266,2025-05-06 22:42:38,1746571358.6994894,buy,limit,82784512
95950.0,0.01358191,2025-05-06 22:42:38,1746571358.6994894,buy,limit,82784510
95959.1,5.004e-05,2025-05-06 22:42:38,1746571358.7809408,buy,limit,82784514
95960.6,0.00127373,2025-05-06 22:42:38,1746571358.7809408,buy,limit,82784515
95962.0,0.00601,2025-05-06 22:42:38,1746571358.7809408,buy,limit,82784516
95969.4,0.01135553,2025-05-06 22:42:38,1746571358.7809408,buy,limit,82784518
95967.9,0.0013107,2025-05-06 22:42:38,1746571358.7809408,buy,limit,82784517
95975.6,0.00112504,2025-05-06 22:42:38,1746571358.795329,buy,limit,82784520
95969.4,0.0067758,2025-05-06 22:42:38,1746571358.795329,buy,limit,82784519
95979.2,0.00016461,2025-05-06 22:42:38,1746571358.795329,buy,limit,82784522
95979.7,0.0007858,2025-05-06 22:42:38,1746571358.795329,buy,limit,82784523
95977.2,0.00204143,2025-05-06 22:42:38,1746571358.795329,buy,limit,82784521
95980.8,8.161e-05,2025-05-06 22:42:38,1746571358.795329,buy,limit,82784524
95980.9,0.00902571,2025-05-06 22:42:38,1746571358.795329,buy,limit,82784525
95980.9,0.0091028,2025-05-06 22:42:39,1746571359.1098027,buy,limit,82784526
95982.1,5.009e-05,2025-05-06 22:42:39,1746571359.1910617,buy,limit,82784527
95985.0,0.000101,2025-05-06 22:42:39,1746571359.3448598,buy,limit,82784528
95989.9,0.00048883,2025-05-06 22:42:39,1746571359.3448598,buy,limit,82784531
95985.4,6.381e-05,2025-05-06 22:42:39,1746571359.3448598,buy,limit,82784530
95985.0,0.00260457,2025-05-06 22:42:39,1746571359.3448598,buy,limit,82784529
95991.7,0.01674179,2025-05-06 22:42:39,1746571359.3448598,buy,limit,82784532
95991.7,0.00757387,2025-05-06 22:42:39,1746571359.353234,buy,limit,82784533
95991.8,0.00026427,2025-05-06 22:42:39,1746571359.353234,buy,limit,82784534
95992.4,0.01,2025-05-06 22:42:39,1746571359.3953238,buy,limit,82784535
95992.3,0.00187703,2025-05-06 22:42:39,1746571359.5838687,sell,market,82784536
95992.3,0.10496057,2025-05-06 22:42:39,1746571359.5838687,sell,market,82784537
95992.4,0.00812568,2025-05-06 22:42:39,1746571359.584024,buy,market,82784538
96000.0,0.01,2025-05-06 22:42:39,1746571359.5840242,buy,market,82784547
96000.0,0.001,2025-05-06 22:42:39,1746571359.5840242,buy,market,82784548
96000.0,5e-05,2025-05-06 22:42:39,1746571359.5840242,buy,market,82784549
96000.0,0.0029026,2025-05-06 22:42:39,1746571359.5840242,buy,market,82784550
96000.0,0.00557162,2025-05-06 22:42:39,1746571359.5840242,buy,market,82784545
95999.0,0.00275,2025-05-06 22:42:39,1746571359.5840242,buy,market,82784539
96000.0,0.01302969,2025-05-06 22:42:39,1746571359.5840242,buy,market,82784541
96000.0,0.01,2025-05-06 22:42:39,1746571359.5840242,buy,market,82784540
96000.0,0.00118546,2025-05-06 22:42:39,1746571359.5840242,buy,market,82784543
96000.0,0.1408,2025-05-06 22:42:39,1746571359.5840242,buy,market,82784546
96000.0,0.00041666,2025-05-06 22:42:39,1746571359.5840242,buy,market,82784544
96000.0,0.04666396,2025-05-06 22:42:39,1746571359.5840242,buy,market,82784542
95992.3,0.0064027,2025-05-06 22:42:39,1746571359.5845602,sell,market,82784551
96000.0,0.02219658,2025-05-06 22:42:39,1746571359.5846806,buy,market,82784558
96000.0,0.00655,2025-05-06 22:42:39,1746571359.5846806,buy,market,82784554
96000.0,0.00104166,2025-05-06 22:42:39,1746571359.5846806,buy,market,82784553
96000.0,0.005,2025-05-06 22:42:39,1746571359.5846806,buy,market,82784556
96000.0,0.00237375,2025-05-06 22:42:39,1746571359.5846806,buy,market,82784555
96000.0,0.07394145,2025-05-06 22:42:39,1746571359.5846806,buy,market,82784557
96000.0,0.00230573,2025-05-06 22:42:39,1746571359.5846806,buy,market,82784552
96000.0,0.00298118,2025-05-06 22:42:39,1746571359.5849648,buy,market,82784560
96000.0,0.00581452,2025-05-06 22:42:39,1746571359.5849648,buy,market,82784559
96000.0,0.01147564,2025-05-06 22:42:39,1746571359.5849648,buy,market,82784561
95992.3,0.00106249,2025-05-06 22:42:39,1746571359.5851119,sell,market,82784562
95992.3,0.0064027,2025-05-06 22:42:39,1746571359.5851822,sell,market,82784563
95992.3,0.01617154,2025-05-06 22:42:39,1746571359.5852473,sell,market,82784564
95992.3,0.06484698,2025-05-06 22:42:39,1746571359.5852473,sell,market,82784565
95992.3,0.00011303,2025-05-06 22:42:39,1746571359.5852473,sell,market,82784566
95992.3,0.53628592,2025-05-06 22:42:39,1746571359.5852473,sell,market,82784567
