price,volume,time,timestamp,type,order_type,trade_id
94519.9,0.00010423,2025-05-05 21:42:16,1746481336.0619328,buy,limit,82757371
94519.9,0.00039461,2025-05-05 21:42:17,1746481337.596804,buy,market,82757372
94519.9,0.00051471,2025-05-05 21:42:25,1746481345.5257523,buy,limit,82757373
94520.0,0.00047618,2025-05-05 21:42:25,1746481345.5257523,buy,limit,82757374
94520.0,0.000174,2025-05-05 21:42:28,1746481348.038558,buy,limit,82757375
94520.0,0.0001,2025-05-05 21:42:41,1746481361.4262316,buy,market,82757376
94520.0,0.00528988,2025-05-05 21:42:43,1746481363.8029103,buy,limit,82757377
94520.0,0.00024576,2025-05-05 21:42:53,1746481373.1395607,buy,limit,82757378
94520.0,0.000169,2025-05-05 21:43:06,1746481386.036962,buy,limit,82757379
94520.1,3.947e-05,2025-05-05 21:43:06,1746481386.036962,buy,limit,82757380
94520.1,0.00475491,2025-05-05 21:43:18,1746481398.721067,buy,limit,82757381
94527.9,5.289e-05,2025-05-05 21:43:18,1746481398.721067,buy,limit,82757383
94529.9,0.0034364,2025-05-05 21:43:18,1746481398.721067,buy,limit,82757384
94520.6,0.00723887,2025-05-05 21:43:18,1746481398.721067,buy,limit,82757382
94529.8,0.00015042,2025-05-05 21:43:45,1746481425.04484,sell,limit,82757385
94529.9,0.00010134,2025-05-05 21:43:55,1746481435.4911833,buy,limit,82757387
94529.9,0.00239059,2025-05-05 21:43:55,1746481435.4911833,buy,limit,82757386
94532.0,0.00015864,2025-05-05 21:43:57,1746481437.4369972,buy,market,82757388
94532.0,0.00085018,2025-05-05 21:44:00,1746481440.2358143,buy,limit,82757389
94532.0,5.289e-05,2025-05-05 21:44:06,1746481446.8241744,buy,market,82757390
94531.9,0.03720199,2025-05-05 21:44:17,1746481457.9027133,sell,limit,82757391
94531.9,0.001,2025-05-05 21:44:20,1746481460.3568828,sell,limit,82757396
94529.9,0.01750807,2025-05-05 21:44:20,1746481460.3568828,sell,limit,82757400
94531.9,0.001,2025-05-05 21:44:20,1746481460.3568828,sell,limit,82757394
94531.9,0.06279801,2025-05-05 21:44:20,1746481460.3568828,sell,limit,82757392
94531.9,0.002051,2025-05-05 21:44:20,1746481460.3568828,sell,limit,82757393
94531.9,0.001,2025-05-05 21:44:20,1746481460.3568828,sell,limit,82757397
94531.9,0.0317611,2025-05-05 21:44:20,1746481460.3568828,sell,limit,82757395
94531.9,0.04,2025-05-05 21:44:20,1746481460.3568828,sell,limit,82757398
94531.9,0.00131,2025-05-05 21:44:20,1746481460.3568828,sell,limit,82757399
94524.1,1.01086283,2025-05-05 21:44:20,1746481460.356883,sell,limit,82757401
94528.0,0.00026446,2025-05-05 21:44:22,1746481462.9227505,buy,limit,82757402
94531.9,0.00115309,2025-05-05 21:44:33,1746481473.7971797,sell,limit,82757403
94532.0,0.00091966,2025-05-05 21:44:39,1746481479.677198,buy,market,82757404
94536.0,8.034e-05,2025-05-05 21:44:39,1746481479.677198,buy,market,82757405
94535.9,0.000375,2025-05-05 21:44:45,1746481485.6626964,sell,limit,82757406
94536.0,0.00015093,2025-05-05 21:44:47,1746481487.639056,buy,market,82757407
94536.0,0.00104217,2025-05-05 21:44:48,1746481488.633934,buy,limit,82757408
94536.0,9.765e-05,2025-05-05 21:44:53,1746481493.7043073,buy,limit,82757409
94536.0,0.00663151,2025-05-05 21:45:17,1746481517.719916,buy,market,82757411
94542.6,0.00899555,2025-05-05 21:45:17,1746481517.719916,buy,market,82757415
94545.9,5.288e-05,2025-05-05 21:45:17,1746481517.719916,buy,market,82757416
94555.1,5.288e-05,2025-05-05 21:45:17,1746481517.719916,buy,market,82757417
94539.9,0.00697633,2025-05-05 21:45:17,1746481517.719916,buy,market,82757414
94536.0,0.00862891,2025-05-05 21:45:17,1746481517.719916,buy,market,82757410
94536.9,5.289e-05,2025-05-05 21:45:17,1746481517.719916,buy,market,82757413
94536.1,0.00643638,2025-05-05 21:45:17,1746481517.719916,buy,market,82757412
94562.4,0.00953449,2025-05-05 21:45:17,1746481517.719916,buy,market,82757419
94559.9,0.01020835,2025-05-05 21:45:17,1746481517.719916,buy,market,82757418
94566.6,0.04237696,2025-05-05 21:45:17,1746481517.719916,buy,market,82757421
94564.0,5.287e-05,2025-05-05 21:45:17,1746481517.719916,buy,market,82757420
94566.6,0.00038049,2025-05-05 21:45:18,1746481518.5221174,buy,limit,82757422
94570.5,0.00052089,2025-05-05 21:45:34,1746481534.1553087,buy,limit,82757423
94570.4,0.01056504,2025-05-05 21:45:35,1746481535.789676,sell,market,82757424
94572.9,5.287e-05,2025-05-05 21:45:56,1746481556.9668891,buy,market,82757425
94574.3,0.00049696,2025-05-05 21:45:56,1746481556.9668891,buy,market,82757426
94574.2,0.00465155,2025-05-05 21:46:00,1746481560.3872824,sell,limit,82757428
94574.2,0.00010573,2025-05-05 21:46:00,1746481560.3872824,sell,limit,82757427
94574.2,0.00616175,2025-05-05 21:46:00,1746481560.537301,sell,limit,82757429
94574.3,0.001,2025-05-05 21:46:03,1746481563.066012,buy,limit,82757430
94574.3,0.00031736,2025-05-05 21:46:13,1746481573.827441,buy,market,82757431
94574.3,0.00171906,2025-05-05 21:46:17,1746481577.3541071,buy,market,82757432
94582.5,0.00010573,2025-05-05 21:46:21,1746481581.6877322,buy,market,82757437
94574.3,0.00026434,2025-05-05 21:46:21,1746481581.6877322,buy,market,82757434
94579.9,0.00396769,2025-05-05 21:46:21,1746481581.6877322,buy,market,82757435
94582.1,5.286e-05,2025-05-05 21:46:21,1746481581.6877322,buy,market,82757436
94574.3,0.01198401,2025-05-05 21:46:21,1746481581.6877322,buy,market,82757433
94582.6,0.0364904,2025-05-05 21:46:21,1746481581.6877325,buy,market,82757438
94585.1,0.00020632,2025-05-05 21:46:43,1746481603.9658906,buy,limit,82757439
94585.1,0.01428949,2025-05-05 21:46:45,1746481605.3771453,buy,market,82757440
94585.9,0.00083708,2025-05-05 21:46:48,1746481608.888285,buy,market,82757441
94585.9,0.00213531,2025-05-05 21:46:53,1746481613.912368,buy,limit,82757442
94585.9,0.00112449,2025-05-05 21:46:55,1746481615.978733,buy,market,82757443
94587.8,0.00260399,2025-05-05 21:47:04,1746481624.0427592,buy,limit,82757444
94587.8,0.005286,2025-05-05 21:47:16,1746481636.150439,buy,market,82757445
94587.8,0.005286,2025-05-05 21:47:16,1746481636.235717,buy,market,82757446
94587.8,0.00085411,2025-05-05 21:47:17,1746481637.4642618,buy,limit,82757447
94589.9,0.00042315,2025-05-05 21:47:21,1746481641.9983244,buy,market,82757448
94589.9,0.00011671,2025-05-05 21:47:29,1746481649.5351624,buy,market,82757449
94589.9,0.0001112,2025-05-05 21:47:37,1746481657.652062,buy,market,82757450
94590.0,0.00601,2025-05-05 21:48:04,1746481684.0825965,buy,limit,82757452
94590.0,0.00495448,2025-05-05 21:48:04,1746481684.0825965,buy,limit,82757453
94589.9,0.00667983,2025-05-05 21:48:04,1746481684.0825965,buy,limit,82757451
94590.5,0.00010416,2025-05-05 21:48:23,1746481703.0354643,buy,limit,82757454
94590.5,0.002818,2025-05-05 21:48:23,1746481703.877948,buy,limit,82757455
94590.5,0.00320328,2025-05-05 21:48:29,1746481709.6516907,buy,market,82757456
94590.5,0.00045432,2025-05-05 21:48:38,1746481718.825453,buy,limit,82757457
94591.0,5.286e-05,2025-05-05 21:48:38,1746481718.825453,buy,limit,82757459
94590.5,0.00107158,2025-05-05 21:48:38,1746481718.825453,buy,limit,82757458
94599.8,5.453e-05,2025-05-05 21:48:42,1746481722.8582294,sell,market,82757460
94599.9,0.00083708,2025-05-05 21:48:44,1746481724.2914398,buy,market,82757461
94599.9,0.00597736,2025-05-05 21:48:48,1746481728.253164,buy,market,82757462
94599.9,5.285e-05,2025-05-05 21:48:48,1746481728.2531643,buy,market,82757463
94618.0,5.284e-05,2025-05-05 21:48:48,1746481728.2531643,buy,market,82757466
94619.9,0.0125323,2025-05-05 21:48:48,1746481728.2531643,buy,market,82757467
94608.9,5.285e-05,2025-05-05 21:48:48,1746481728.2531643,buy,market,82757464
94611.2,0.00687306,2025-05-05 21:48:48,1746481728.2531643,buy,market,82757465
94626.2,0.10660172,2025-05-05 21:48:48,1746481728.2531643,buy,market,82757468
94626.1,0.00406585,2025-05-05 21:48:49,1746481729.7153795,sell,limit,82757470
94626.1,0.00010567,2025-05-05 21:48:49,1746481729.7153795,sell,limit,82757469
94626.2,0.00049841,2025-05-05 21:48:54,1746481734.659058,buy,limit,82757471
94626.9,0.00649393,2025-05-05 21:48:55,1746481735.1634386,sell,limit,82757472
94626.9,0.00720442,2025-05-05 21:48:55,1746481735.2572234,sell,limit,82757473
94626.9,0.00799195,2025-05-05 21:48:55,1746481735.3285282,sell,limit,82757474
94626.9,0.00809251,2025-05-05 21:48:55,1746481735.4621196,sell,limit,82757475
94626.9,0.00676943,2025-05-05 21:48:55,1746481735.557589,sell,limit,82757476
94627.0,5.284e-05,2025-05-05 21:49:06,1746481746.816057,buy,limit,82757477
94629.8,0.00098568,2025-05-05 21:49:14,1746481754.160092,sell,limit,82757478
94631.5,0.01125031,2025-05-05 21:49:18,1746481758.2899363,buy,market,82757480
94629.9,0.00988447,2025-05-05 21:49:18,1746481758.2899363,buy,market,82757479
94631.4,0.08044506,2025-05-05 21:49:19,1746481759.1014898,sell,limit,82757481
94631.5,0.00012542,2025-05-05 21:49:29,1746481769.5336158,buy,market,82757482
94631.4,1.768e-05,2025-05-05 21:49:35,1746481775.2800512,sell,limit,82757483
94631.5,0.00020619,2025-05-05 21:49:40,1746481780.6116729,buy,limit,82757484
94631.5,0.00011376,2025-05-05 21:49:56,1746481796.5633743,buy,limit,82757485
94631.5,5e-05,2025-05-05 21:49:58,1746481798.4540594,buy,market,82757486
94631.4,0.000171,2025-05-05 21:50:10,1746481810.0272162,sell,limit,82757487
94631.5,0.00026418,2025-05-05 21:50:16,1746481816.4271605,buy,limit,82757488
94631.5,0.00030656,2025-05-05 21:50:20,1746481820.7483602,buy,limit,82757489
94631.5,0.00052837,2025-05-05 21:50:33,1746481833.2294939,buy,limit,82757490
94631.5,9.606e-05,2025-05-05 21:50:35,1746481835.8751364,buy,limit,82757491
94631.4,2.925e-05,2025-05-05 21:50:37,1746481837.7873237,sell,limit,82757492
94631.5,0.00046236,2025-05-05 21:50:39,1746481839.4989345,buy,market,82757493
94631.5,0.00024811,2025-05-05 21:50:56,1746481856.2856257,buy,limit,82757494
94631.5,0.00069198,2025-05-05 21:51:06,1746481866.1579134,buy,limit,82757495
94632.1,0.0060158,2025-05-05 21:51:16,1746481876.1460483,buy,limit,82757499
94631.5,0.00559377,2025-05-05 21:51:16,1746481876.1460483,buy,limit,82757497
94631.5,0.0039372,2025-05-05 21:51:16,1746481876.1460483,buy,limit,82757496
94632.7,5.054e-05,2025-05-05 21:51:16,1746481876.1460483,buy,limit,82757500
94631.6,0.00484384,2025-05-05 21:51:16,1746481876.1460483,buy,limit,82757498
94635.0,1.15257523,2025-05-05 21:51:16,1746481876.2628455,buy,limit,82757501
94635.0,0.0004403,2025-05-05 21:51:18,1746481878.73653,buy,market,82757502
94635.0,0.9348102,2025-05-05 21:51:18,1746481878.7706578,buy,limit,82757503
94635.0,0.93480996,2025-05-05 21:51:18,1746481878.7711575,buy,limit,82757504
94635.0,0.98235216,2025-05-05 21:51:18,1746481878.771938,buy,limit,82757505
94635.0,0.80220159,2025-05-05 21:51:18,1746481878.7738106,buy,limit,82757506
94635.0,0.38020856,2025-05-05 21:51:18,1746481878.775153,buy,limit,82757507
94639.1,0.00036574,2025-05-05 21:51:18,1746481878.8198502,buy,limit,82757509
94636.0,5.283e-05,2025-05-05 21:51:18,1746481878.8198502,buy,limit,82757508
94639.1,0.00026624,2025-05-05 21:51:18,1746481878.8198502,buy,limit,82757510
94639.9,2.673e-05,2025-05-05 21:51:19,1746481879.1112533,buy,limit,82757511
94639.9,7.327e-05,2025-05-05 21:51:19,1746481879.1112533,buy,limit,82757512
94639.9,2.673e-05,2025-05-05 21:51:19,1746481879.2771356,buy,limit,82757513
94639.9,7.327e-05,2025-05-05 21:51:19,1746481879.2771358,buy,limit,82757514
94639.9,2.673e-05,2025-05-05 21:51:19,1746481879.442088,buy,limit,82757515
94639.9,7.327e-05,2025-05-05 21:51:19,1746481879.442088,buy,limit,82757516
94639.9,2.673e-05,2025-05-05 21:51:19,1746481879.6065986,buy,limit,82757517
94639.9,7.327e-05,2025-05-05 21:51:19,1746481879.6065989,buy,limit,82757518
94639.9,0.01445284,2025-05-05 21:51:26,1746481886.783978,buy,limit,82757519
94642.8,0.0003754,2025-05-05 21:51:29,1746481889.089728,buy,limit,82757520
94642.8,0.01774193,2025-05-05 21:51:37,1746481897.3144472,buy,limit,82757521
94645.1,5.283e-05,2025-05-05 21:51:37,1746481897.3169389,buy,limit,82757522
94648.6,0.00083431,2025-05-05 21:51:42,1746481902.9372666,buy,limit,82757523
94648.6,3.705e-05,2025-05-05 21:52:02,1746481922.2043507,buy,limit,82757524
94648.5,0.00010325,2025-05-05 21:52:09,1746481929.0559537,sell,limit,82757525
94648.6,0.18812864,2025-05-05 21:52:11,1746481931.548225,buy,limit,82757526
94653.9,5.282e-05,2025-05-05 21:52:11,1746481931.548225,buy,limit,82757528
94654.2,0.0182748,2025-05-05 21:52:11,1746481931.548225,buy,limit,82757529
94655.4,5.055e-05,2025-05-05 21:52:11,1746481931.548225,buy,limit,82757530
94658.1,0.00825379,2025-05-05 21:52:11,1746481931.548225,buy,limit,82757531
94662.9,5.282e-05,2025-05-05 21:52:11,1746481931.548225,buy,limit,82757532
94665.5,0.01811168,2025-05-05 21:52:11,1746481931.548225,buy,limit,82757533
94649.9,0.0070396,2025-05-05 21:52:11,1746481931.548225,buy,limit,82757527
94665.6,0.00016077,2025-05-05 21:52:11,1746481931.548225,buy,limit,82757534
94673.3,0.008,2025-05-05 21:52:11,1746481931.5588515,buy,limit,82757537
94669.9,0.00910586,2025-05-05 21:52:11,1746481931.5588515,buy,limit,82757535
94676.9,0.0182691,2025-05-05 21:52:11,1746481931.5588515,buy,limit,82757539
94674.0,0.001,2025-05-05 21:52:11,1746481931.5588515,buy,limit,82757538
94678.2,5.062e-05,2025-05-05 21:52:11,1746481931.5588515,buy,limit,82757540
94672.0,5.281e-05,2025-05-05 21:52:11,1746481931.5588515,buy,limit,82757536
94678.7,0.02473327,2025-05-05 21:52:11,1746481931.5600677,buy,limit,82757541
94680.9,5.281e-05,2025-05-05 21:52:11,1746481931.560068,buy,limit,82757542
94690.0,5.28e-05,2025-05-05 21:52:11,1746481931.560068,buy,limit,82757544
94688.3,0.01826624,2025-05-05 21:52:11,1746481931.560068,buy,limit,82757543
94694.5,0.02113579,2025-05-05 21:52:11,1746481931.560736,buy,limit,82757546
94691.7,0.00026758,2025-05-05 21:52:11,1746481931.560736,buy,limit,82757545
94700.0,0.005,2025-05-05 21:52:11,1746481931.608059,buy,limit,82757548
94699.6,0.0181032,2025-05-05 21:52:11,1746481931.608059,buy,limit,82757547
94700.8,5.061e-05,2025-05-05 21:52:11,1746481931.608059,buy,limit,82757549
94723.6,5.066e-05,2025-05-05 21:52:11,1746481931.666293,buy,limit,82757553
94729.0,0.00060066,2025-05-05 21:52:11,1746481931.666293,buy,limit,82757554
94722.4,0.0182577,2025-05-05 21:52:11,1746481931.666293,buy,limit,82757552
94729.1,0.00158443,2025-05-05 21:52:11,1746481931.666293,buy,limit,82757555
94729.1,0.00057435,2025-05-05 21:52:11,1746481931.666293,buy,limit,82757557
94711.0,0.01826055,2025-05-05 21:52:11,1746481931.666293,buy,limit,82757551
94704.0,0.00601,2025-05-05 21:52:11,1746481931.666293,buy,limit,82757550
94729.1,0.00145376,2025-05-05 21:52:11,1746481931.666293,buy,limit,82757556
94732.8,0.0175,2025-05-05 21:52:11,1746481931.6662931,buy,limit,82757558
94733.7,0.01809473,2025-05-05 21:52:11,1746481931.6662931,buy,limit,82757559
94738.3,0.00030655,2025-05-05 21:52:12,1746481932.1948504,sell,limit,82757560
94738.3,0.00030716,2025-05-05 21:52:12,1746481932.4221227,sell,limit,82757561
94738.4,5.278e-05,2025-05-05 21:52:12,1746481932.8496788,buy,limit,82757565
94738.4,5.28e-05,2025-05-05 21:52:12,1746481932.8496788,buy,limit,82757566
94738.4,5.279e-05,2025-05-05 21:52:12,1746481932.8496788,buy,limit,82757563
94738.4,0.00013046,2025-05-05 21:52:12,1746481932.8496788,buy,limit,82757562
94738.4,5.278e-05,2025-05-05 21:52:12,1746481932.8496788,buy,limit,82757567
94738.4,5.279e-05,2025-05-05 21:52:12,1746481932.8496788,buy,limit,82757564
94739.9,0.000342,2025-05-05 21:52:13,1746481933.0360377,buy,limit,82757568
94739.9,0.00455544,2025-05-05 21:52:25,1746481945.870612,buy,limit,82757569
94739.9,0.00018107,2025-05-05 21:52:27,1746481947.3856738,buy,market,82757570
94739.8,0.00043276,2025-05-05 21:52:33,1746481953.958152,sell,limit,82757571
94739.9,0.00542339,2025-05-05 21:52:50,1746481970.8605938,buy,limit,82757572
94743.9,5.277e-05,2025-05-05 21:52:53,1746481973.031133,buy,limit,82757574
94743.0,6e-05,2025-05-05 21:52:53,1746481973.031133,buy,limit,82757573
94745.1,0.00988723,2025-05-05 21:52:53,1746481973.031133,buy,limit,82757575
94745.1,0.00068589,2025-05-05 21:53:03,1746481983.820729,buy,market,82757576
94745.0,5e-05,2025-05-05 21:53:15,1746481995.970046,sell,market,82757577
94745.0,0.00030181,2025-05-05 21:53:24,1746482004.8054276,sell,limit,82757578
94745.1,0.00062659,2025-05-05 21:53:33,1746482013.9727986,buy,limit,82757580
94745.1,0.00767889,2025-05-05 21:53:33,1746482013.9727986,buy,limit,82757579
94745.4,0.00049778,2025-05-05 21:53:41,1746482021.2562063,buy,limit,82757581
94746.3,5.065e-05,2025-05-05 21:53:43,1746482023.4982958,buy,limit,82757583
94745.4,0.00071126,2025-05-05 21:53:43,1746482023.4982958,buy,limit,82757582
94749.2,0.04613975,2025-05-05 21:53:43,1746482023.4982958,buy,limit,82757584
94751.1,0.00407898,2025-05-05 21:53:43,1746482023.4982958,buy,limit,82757586
94749.3,0.00176865,2025-05-05 21:53:43,1746482023.4982958,buy,limit,82757585
94751.1,0.00010553,2025-05-05 21:53:53,1746482033.6709163,buy,market,82757587
94751.1,0.02132682,2025-05-05 21:53:53,1746482033.6709163,buy,market,82757588
94751.1,9.371e-05,2025-05-05 21:54:01,1746482041.2102377,buy,market,82757589
94751.1,0.00572056,2025-05-05 21:54:01,1746482041.873404,buy,market,82757590
94751.1,0.00171522,2025-05-05 21:54:07,1746482047.953886,buy,market,82757591
94756.5,0.01824915,2025-05-05 21:54:24,1746482064.5466352,buy,limit,82757598
94753.2,8.126e-05,2025-05-05 21:54:24,1746482064.5466352,buy,limit,82757597
94753.1,5.277e-05,2025-05-05 21:54:24,1746482064.5466352,buy,limit,82757596
94751.7,0.00647474,2025-05-05 21:54:24,1746482064.5466352,buy,limit,82757595
94751.2,0.00662054,2025-05-05 21:54:24,1746482064.5466352,buy,limit,82757594
94762.0,5.276e-05,2025-05-05 21:54:24,1746482064.5466352,buy,limit,82757601
94759.9,0.0086222,2025-05-05 21:54:24,1746482064.5466352,buy,limit,82757600
94759.3,0.00012219,2025-05-05 21:54:24,1746482064.5466352,buy,limit,82757599
94751.1,0.00440592,2025-05-05 21:54:24,1746482064.5466352,buy,limit,82757592
94751.1,0.06367974,2025-05-05 21:54:24,1746482064.5466352,buy,limit,82757593
94766.5,0.011,2025-05-05 21:54:24,1746482064.5466354,buy,limit,82757602
94766.5,0.019,2025-05-05 21:54:24,1746482064.5466354,buy,limit,82757603
94769.1,5.061e-05,2025-05-05 21:54:24,1746482064.5466354,buy,limit,82757606
94769.9,0.00606316,2025-05-05 21:54:24,1746482064.5466354,buy,limit,82757607
94791.9,5.056e-05,2025-05-05 21:54:24,1746482064.5466354,buy,limit,82757616
94790.0,0.00026616,2025-05-05 21:54:24,1746482064.5466354,buy,limit,82757614
94771.6,0.011259,2025-05-05 21:54:24,1746482064.5466354,buy,limit,82757609
94790.6,0.01824062,2025-05-05 21:54:24,1746482064.5466354,buy,limit,82757615
94788.9,5.275e-05,2025-05-05 21:54:24,1746482064.5466354,buy,limit,82757613
94788.2,0.00864506,2025-05-05 21:54:24,1746482064.5466354,buy,limit,82757612
94798.0,5.274e-05,2025-05-05 21:54:24,1746482064.5466354,buy,limit,82757618
94767.8,0.01808626,2025-05-05 21:54:24,1746482064.5466354,buy,limit,82757605
94766.5,0.029,2025-05-05 21:54:24,1746482064.5466354,buy,limit,82757604
94771.0,5.276e-05,2025-05-05 21:54:24,1746482064.5466354,buy,limit,82757608
94779.9,5.275e-05,2025-05-05 21:54:24,1746482064.5466354,buy,limit,82757611
94779.2,0.01824347,2025-05-05 21:54:24,1746482064.5466354,buy,limit,82757610
94793.5,0.10642379,2025-05-05 21:54:24,1746482064.5466354,buy,limit,82757617
94804.3,0.00086883,2025-05-05 21:54:24,1746482064.5466356,buy,limit,82757621
94800.0,0.001,2025-05-05 21:54:24,1746482064.5466356,buy,limit,82757619
94806.5,0.4608054,2025-05-05 21:54:24,1746482064.5466356,buy,limit,82757623
94804.4,0.164347,2025-05-05 21:54:24,1746482064.5466356,buy,limit,82757622
94801.9,0.01807781,2025-05-05 21:54:24,1746482064.5466356,buy,limit,82757620
94806.5,5.196e-05,2025-05-05 21:54:25,1746482065.1219199,buy,limit,82757624
94806.5,0.00034391,2025-05-05 21:54:37,1746482077.740109,buy,limit,82757625
94806.5,0.00051453,2025-05-05 21:54:43,1746482083.0733378,buy,limit,82757626
94806.5,0.00010291,2025-05-05 21:54:52,1746482092.8683157,buy,limit,82757627
94806.4,0.00020103,2025-05-05 21:54:59,1746482099.9167008,sell,limit,82757628
94806.4,9.743e-05,2025-05-05 21:55:02,1746482102.8458943,sell,limit,82757629
94806.5,0.00263694,2025-05-05 21:55:11,1746482111.4950948,buy,limit,82757630
94806.5,0.47465099,2025-05-05 21:55:12,1746482112.9438448,buy,market,82757631
94806.5,0.00020784,2025-05-05 21:55:17,1746482117.0411415,buy,limit,82757632
94806.5,0.00026238,2025-05-05 21:55:29,1746482129.510007,buy,limit,82757633
94806.5,0.0001,2025-05-05 21:55:39,1746482139.8702686,buy,market,82757634
94806.5,0.1,2025-05-05 21:55:40,1746482140.5967531,buy,market,82757635
94806.5,0.00155879,2025-05-05 21:55:48,1746482148.037838,buy,limit,82757636
94806.4,0.04,2025-05-05 21:55:49,1746482149.6270304,sell,limit,82757641
94806.4,0.001,2025-05-05 21:55:49,1746482149.6270304,sell,limit,82757640
94806.4,0.001,2025-05-05 21:55:49,1746482149.6270304,sell,limit,82757639
94806.4,0.003328,2025-05-05 21:55:49,1746482149.6270304,sell,limit,82757637
94806.4,0.001,2025-05-05 21:55:49,1746482149.6270304,sell,limit,82757638
94806.4,0.006766,2025-05-05 21:55:49,1746482149.6270304,sell,limit,82757642
94806.5,0.1,2025-05-05 21:55:51,1746482151.0866609,buy,market,82757643
94806.5,0.00613091,2025-05-05 21:55:54,1746482154.279041,buy,market,82757644
94806.5,0.0032481,2025-05-05 21:55:57,1746482157.4678795,buy,limit,82757645
94806.5,0.00297547,2025-05-05 21:56:17,1746482177.699308,buy,market,82757646
94806.5,0.00084732,2025-05-05 21:56:19,1746482179.4091125,buy,market,82757647
94806.5,0.00099762,2025-05-05 21:56:19,1746482179.711227,buy,limit,82757648
94806.5,0.00494993,2025-05-05 21:56:40,1746482200.241397,buy,market,82757649
94806.5,0.00010549,2025-05-05 21:56:40,1746482200.241397,buy,market,82757650
94806.5,0.00262696,2025-05-05 21:56:40,1746482200.241397,buy,market,82757651
94806.5,9.642e-05,2025-05-05 21:56:41,1746482201.579931,buy,limit,82757652
94806.5,0.00503763,2025-05-05 21:56:46,1746482206.380877,buy,limit,82757653
94806.5,9.642e-05,2025-05-05 21:56:53,1746482213.0256305,buy,limit,82757654
94806.5,0.00205811,2025-05-05 21:56:59,1746482219.4892182,buy,limit,82757655
94806.5,0.00263695,2025-05-05 21:57:03,1746482223.5943224,buy,market,82757656
94806.4,0.004234,2025-05-05 21:57:09,1746482229.8187485,sell,limit,82757657
94806.4,0.019,2025-05-05 21:57:09,1746482229.8187485,sell,limit,82757658
94806.4,0.02118613,2025-05-05 21:57:09,1746482229.8187485,sell,limit,82757659
94806.5,0.00059171,2025-05-05 21:57:10,1746482230.321115,buy,limit,82757660
94806.5,0.00236949,2025-05-05 21:57:19,1746482239.2211366,buy,market,82757661
94806.4,0.0001055,2025-05-05 21:57:24,1746482244.1950948,sell,limit,82757662
94806.4,0.0001055,2025-05-05 21:57:24,1746482244.625793,sell,limit,82757663
94806.4,0.0001055,2025-05-05 21:57:25,1746482245.0563045,sell,limit,82757664
94806.4,0.00749737,2025-05-05 21:57:25,1746482245.3725164,sell,limit,82757665
94806.4,0.00023701,2025-05-05 21:57:25,1746482245.3725164,sell,limit,82757666
94806.4,0.0001055,2025-05-05 21:57:25,1746482245.486525,sell,limit,82757667
94806.4,0.00065749,2025-05-05 21:57:25,1746482245.851836,sell,limit,82757668
94806.4,0.001,2025-05-05 21:57:25,1746482245.851836,sell,limit,82757670
94806.4,0.00021095,2025-05-05 21:57:25,1746482245.851836,sell,limit,82757671
94806.4,0.001,2025-05-05 21:57:25,1746482245.851836,sell,limit,82757669
94780.0,5.275e-05,2025-05-05 21:57:25,1746482245.854653,sell,limit,82757673
94789.0,5.274e-05,2025-05-05 21:57:25,1746482245.854653,sell,limit,82757672
94771.0,5.275e-05,2025-05-05 21:57:28,1746482248.138214,sell,limit,82757674
94762.0,5.276e-05,2025-05-05 21:57:29,1746482249.1111996,sell,market,82757675
94762.0,0.00015884,2025-05-05 21:57:29,1746482249.1111996,sell,market,82757676
94718.1,0.1,2025-05-05 21:57:31,1746482251.193719,sell,limit,82757684
94706.9,0.03101701,2025-05-05 21:57:31,1746482251.193719,sell,limit,82757687
94708.9,0.00287372,2025-05-05 21:57:31,1746482251.193719,sell,limit,82757686
94717.0,5.278e-05,2025-05-05 21:57:31,1746482251.193719,sell,limit,82757685
94762.0,0.001,2025-05-05 21:57:31,1746482251.193719,sell,limit,82757678
94744.0,5.277e-05,2025-05-05 21:57:31,1746482251.193719,sell,limit,82757680
94726.0,5.278e-05,2025-05-05 21:57:31,1746482251.193719,sell,limit,82757683
94735.0,5.277e-05,2025-05-05 21:57:31,1746482251.193719,sell,limit,82757681
94762.0,0.00084116,2025-05-05 21:57:31,1746482251.193719,sell,limit,82757677
94753.0,5.276e-05,2025-05-05 21:57:31,1746482251.193719,sell,limit,82757679
94727.6,0.04642184,2025-05-05 21:57:31,1746482251.193719,sell,limit,82757682
94706.9,0.00022636,2025-05-05 21:57:40,1746482260.8637173,sell,limit,82757688
94706.9,0.001,2025-05-05 21:57:42,1746482262.6935403,sell,market,82757691
94706.9,0.001,2025-05-05 21:57:42,1746482262.6935403,sell,market,82757692
94706.9,5.279e-05,2025-05-05 21:57:42,1746482262.6935403,sell,market,82757693
94702.1,0.00281788,2025-05-05 21:57:42,1746482262.6935403,sell,market,82757694
94706.9,0.01177364,2025-05-05 21:57:42,1746482262.6935403,sell,market,82757689
94706.9,0.001,2025-05-05 21:57:42,1746482262.6935403,sell,market,82757690
94702.1,0.04351011,2025-05-05 21:57:42,1746482262.6935406,sell,market,82757695
94702.0,0.08863287,2025-05-05 21:57:42,1746482262.6935406,sell,market,82757696
94702.1,0.00010557,2025-05-05 21:57:46,1746482266.341974,buy,limit,82757697
94702.1,0.00286637,2025-05-05 21:57:46,1746482266.341974,buy,limit,82757698
94702.0,0.00315221,2025-05-05 21:57:58,1746482278.0516043,sell,limit,82757699
94702.1,0.00010557,2025-05-05 21:58:05,1746482285.3407857,buy,market,82757700
94702.1,0.00253455,2025-05-05 21:58:05,1746482285.3407857,buy,market,82757701
94702.1,0.00026899,2025-05-05 21:58:08,1746482288.1004934,buy,limit,82757702
94702.0,0.00040047,2025-05-05 21:58:17,1746482297.794154,sell,limit,82757703
94702.1,0.00030917,2025-05-05 21:58:30,1746482310.7525082,buy,market,82757704
94702.0,5.636e-05,2025-05-05 21:58:51,1746482331.6096077,sell,market,82757705
94702.0,0.0001584,2025-05-05 21:58:52,1746482332.3032236,sell,market,82757706
94702.1,0.00025887,2025-05-05 21:59:14,1746482354.1619585,buy,market,82757707
94702.0,0.000117,2025-05-05 21:59:30,1746482370.1433496,sell,market,82757708
94702.0,0.000883,2025-05-05 21:59:32,1746482372.9187815,sell,limit,82757709
94702.0,0.001,2025-05-05 21:59:32,1746482372.9187815,sell,limit,82757710
94702.0,0.001,2025-05-05 21:59:32,1746482372.9187815,sell,limit,82757711
94702.0,0.01683908,2025-05-05 21:59:32,1746482372.9187815,sell,limit,82757712
94700.0,0.005437,2025-05-05 21:59:33,1746482373.8912563,sell,market,82757714
94702.0,0.00301055,2025-05-05 21:59:33,1746482373.8912563,sell,market,82757713
94700.1,9.653e-05,2025-05-05 21:59:35,1746482375.9835262,buy,limit,82757715
94700.1,0.00020807,2025-05-05 21:59:44,1746482384.0341694,buy,limit,82757716
94700.0,0.00025529,2025-05-05 21:59:49,1746482389.5358036,sell,market,82757717
94700.1,1.04e-05,2025-05-05 22:00:00,1746482400.114108,buy,limit,82757718
94700.1,1.04e-05,2025-05-05 22:00:00,1746482400.1492655,buy,limit,82757719
94700.1,2.081e-05,2025-05-05 22:00:00,1746482400.1691275,buy,limit,82757720
94700.1,0.00087551,2025-05-05 22:00:00,1746482400.3558931,buy,market,82757721
94700.1,0.000105,2025-05-05 22:00:01,1746482401.533404,buy,market,82757722
94700.1,0.79875013,2025-05-05 22:00:04,1746482404.783578,buy,limit,82757724
94700.1,0.00147973,2025-05-05 22:00:04,1746482404.783578,buy,limit,82757723
94700.1,0.153547,2025-05-05 22:00:04,1746482404.7865741,buy,limit,82757726
94700.1,0.36269787,2025-05-05 22:00:04,1746482404.7865741,buy,limit,82757725
94708.3,0.76952231,2025-05-05 22:00:04,1746482404.8284001,buy,limit,82757729
94700.2,0.00147988,2025-05-05 22:00:04,1746482404.8284001,buy,limit,82757727
94702.1,0.03400547,2025-05-05 22:00:04,1746482404.8284001,buy,limit,82757728
94708.3,0.62421569,2025-05-05 22:00:04,1746482404.8301997,buy,limit,82757730
94709.9,0.00156023,2025-05-05 22:00:04,1746482404.8634763,buy,limit,82757731
94717.0,5.279e-05,2025-05-05 22:00:04,1746482404.8634763,buy,limit,82757732
94719.9,0.00175768,2025-05-05 22:00:04,1746482404.8634763,buy,limit,82757733
94720.5,0.00049802,2025-05-05 22:00:08,1746482408.054252,buy,limit,82757734
94720.5,0.00052524,2025-05-05 22:00:09,1746482409.0365376,buy,limit,82757735
94720.4,9.653e-05,2025-05-05 22:00:18,1746482418.1185346,sell,limit,82757736
94720.5,0.00020803,2025-05-05 22:00:23,1746482423.0342336,buy,limit,82757737
94720.5,0.02125692,2025-05-05 22:00:35,1746482435.244541,buy,market,82757738
94720.5,0.00014749,2025-05-05 22:00:38,1746482438.0312085,buy,limit,82757739
94720.5,0.03244161,2025-05-05 22:00:41,1746482441.7162004,buy,limit,82757740
94720.5,0.0264425,2025-05-05 22:00:41,1746482441.7162004,buy,limit,82757741
94720.6,0.00177479,2025-05-05 22:00:41,1746482441.7162004,buy,limit,82757742
94726.1,5.278e-05,2025-05-05 22:00:41,1746482441.7441008,buy,limit,82757743
94744.1,5.277e-05,2025-05-05 22:00:41,1746482441.825127,buy,limit,82757746
94735.1,5.278e-05,2025-05-05 22:00:41,1746482441.825127,buy,limit,82757744
94752.9,5.277e-05,2025-05-05 22:00:41,1746482441.825127,buy,limit,82757747
94739.9,0.00206921,2025-05-05 22:00:41,1746482441.825127,buy,limit,82757745
94761.9,0.0003,2025-05-05 22:00:42,1746482442.8783941,sell,market,82757748
94761.9,5.037e-05,2025-05-05 22:00:43,1746482443.4330225,sell,market,82757749
94762.0,5.276e-05,2025-05-05 22:00:55,1746482455.03934,buy,limit,82757750
94762.0,5.224e-05,2025-05-05 22:00:55,1746482455.03934,buy,limit,82757751
94762.0,5.198e-05,2025-05-05 22:00:57,1746482457.0363598,buy,limit,82757752
94762.0,0.00030906,2025-05-05 22:00:58,1746482458.7993078,buy,limit,82757753
94762.0,0.00237864,2025-05-05 22:01:03,1746482463.2201111,buy,limit,82757754
94762.0,0.00299903,2025-05-05 22:01:10,1746482470.5483766,buy,limit,82757755
94761.9,0.000213,2025-05-05 22:01:14,1746482474.4832458,sell,limit,82757756
94761.9,0.24522694,2025-05-05 22:01:31,1746482491.666679,sell,limit,82757757
94761.9,0.03032359,2025-05-05 22:01:31,1746482491.666679,sell,limit,82757758
94761.9,0.01165893,2025-05-05 22:01:31,1746482491.666679,sell,limit,82757762
94761.9,0.00174998,2025-05-05 22:01:31,1746482491.666679,sell,limit,82757761
94761.9,0.0021652,2025-05-05 22:01:31,1746482491.666679,sell,limit,82757760
94761.9,0.00263082,2025-05-05 22:01:31,1746482491.666679,sell,limit,82757759
94761.9,0.1,2025-05-05 22:01:31,1746482491.6666791,sell,limit,82757770
94761.9,0.04,2025-05-05 22:01:31,1746482491.6666791,sell,limit,82757768
94761.9,0.10552764,2025-05-05 22:01:31,1746482491.6666791,sell,limit,82757763
94761.9,0.001,2025-05-05 22:01:31,1746482491.6666791,sell,limit,82757766
94761.9,0.001,2025-05-05 22:01:31,1746482491.6666791,sell,limit,82757767
94761.9,0.28922453,2025-05-05 22:01:31,1746482491.6666791,sell,limit,82757771
94761.9,0.001,2025-05-05 22:01:31,1746482491.6666791,sell,limit,82757765
94761.9,0.1,2025-05-05 22:01:31,1746482491.6666791,sell,limit,82757764
94761.9,0.008,2025-05-05 22:01:31,1746482491.6666791,sell,limit,82757769
94770.3,0.135,2025-05-05 22:01:35,1746482495.4699137,buy,market,82757776
94762.0,0.00620905,2025-05-05 22:01:35,1746482495.4699137,buy,market,82757772
94772.6,1.21777803,2025-05-05 22:01:35,1746482495.4699137,buy,market,82757779
94770.9,5.276e-05,2025-05-05 22:01:35,1746482495.4699137,buy,market,82757777
94772.1,2.63790933,2025-05-05 22:01:35,1746482495.4699137,buy,market,82757778
94762.0,0.00263694,2025-05-05 22:01:35,1746482495.4699137,buy,market,82757774
94770.2,0.00010552,2025-05-05 22:01:35,1746482495.4699137,buy,market,82757775
94762.0,0.00030837,2025-05-05 22:01:35,1746482495.4699137,buy,market,82757773
94767.7,0.00082747,2025-05-05 22:01:37,1746482497.8908973,sell,limit,82757780
94767.7,0.01621871,2025-05-05 22:01:37,1746482497.9199808,sell,limit,82757781
94767.7,0.00749367,2025-05-05 22:01:37,1746482497.9363658,sell,limit,82757782
94765.0,0.00041318,2025-05-05 22:01:41,1746482501.4181757,buy,limit,82757783
94762.1,0.00099806,2025-05-05 22:01:44,1746482504.5692968,buy,limit,82757784
94764.9,0.01946923,2025-05-05 22:02:42,1746482562.4835298,sell,limit,82757785
94764.9,0.02064522,2025-05-05 22:02:52,1746482572.4101284,sell,limit,82757786
94765.1,0.00436315,2025-05-05 22:02:57,1746482577.796993,buy,limit,82757788
94765.0,0.00540001,2025-05-05 22:02:57,1746482577.796993,buy,limit,82757787
94771.4,0.00442971,2025-05-05 22:02:57,1746482577.796993,buy,limit,82757790
94769.9,0.00845548,2025-05-05 22:02:57,1746482577.796993,buy,limit,82757789
94780.0,5.275e-05,2025-05-05 22:03:04,1746482584.8386123,buy,limit,82757792
94771.4,0.00057657,2025-05-05 22:03:04,1746482584.8386123,buy,limit,82757791
94780.0,0.00546976,2025-05-05 22:03:05,1746482585.2693791,sell,limit,82757793
94780.0,0.00658402,2025-05-05 22:03:05,1746482585.3358068,sell,limit,82757794
94780.0,0.00591046,2025-05-05 22:03:05,1746482585.3999593,sell,limit,82757795
94780.1,0.00856694,2025-05-05 22:03:09,1746482589.899491,buy,limit,82757796
94787.0,0.0022,2025-05-05 22:03:10,1746482590.024136,buy,limit,82757797
94789.0,5.275e-05,2025-05-05 22:03:10,1746482590.0265512,buy,limit,82757798
94789.9,0.00015747,2025-05-05 22:03:13,1746482593.3239594,buy,limit,82757799
94789.9,0.0002252,2025-05-05 22:03:53,1746482633.7169669,buy,limit,82757800
94789.9,0.00744237,2025-05-05 22:04:17,1746482657.2192383,buy,market,82757801
94789.9,0.040145,2025-05-05 22:04:17,1746482657.2192383,buy,market,82757802
94789.9,0.00010394,2025-05-05 22:04:17,1746482657.9575436,buy,limit,82757803
94789.9,0.01777583,2025-05-05 22:04:43,1746482683.062054,buy,market,82757804
94789.8,0.001,2025-05-05 22:04:51,1746482691.6509998,sell,limit,82757805
94789.8,0.00195052,2025-05-05 22:04:51,1746482691.6509998,sell,limit,82757806
94789.8,0.00162,2025-05-05 22:05:05,1746482705.4153152,sell,limit,82757807
94789.9,0.00020787,2025-05-05 22:05:11,1746482711.0364313,buy,limit,82757808
94789.9,9.644e-05,2025-05-05 22:05:16,1746482716.7402825,buy,limit,82757809
94789.9,0.00100175,2025-05-05 22:05:18,1746482718.2617865,buy,market,82757810
94789.9,0.04066917,2025-05-05 22:05:20,1746482720.2196064,buy,limit,82757811
94789.9,0.00052568,2025-05-05 22:05:20,1746482720.2196064,buy,limit,82757812
94789.9,0.00010549,2025-05-05 22:05:20,1746482720.2196064,buy,limit,82757813
94789.9,0.65869966,2025-05-05 22:05:20,1746482720.2196064,buy,limit,82757814
94789.9,0.03135998,2025-05-05 22:05:42,1746482742.3530462,buy,limit,82757815
94789.9,0.000846,2025-05-05 22:05:48,1746482748.5955188,buy,market,82757816
94789.9,0.00085653,2025-05-05 22:05:56,1746482756.8826902,buy,limit,82757817
94789.9,0.05129233,2025-05-05 22:06:04,1746482764.560265,buy,limit,82757818
94789.8,0.00022073,2025-05-05 22:06:04,1746482764.8724735,sell,market,82757819
94789.9,0.00083518,2025-05-05 22:06:18,1746482778.3269575,buy,market,82757820
94789.8,0.03620875,2025-05-05 22:06:22,1746482782.4670618,sell,limit,82757821
94789.8,0.001,2025-05-05 22:06:22,1746482782.4670618,sell,limit,82757822
94789.8,0.001,2025-05-05 22:06:22,1746482782.4670618,sell,limit,82757823
94789.8,0.001,2025-05-05 22:06:22,1746482782.4670618,sell,limit,82757824
94780.0,0.0007913,2025-05-05 22:06:22,1746482782.4670618,sell,limit,82757826
94771.8,0.03490924,2025-05-05 22:06:22,1746482782.4670618,sell,limit,82757827
94780.0,5.275e-05,2025-05-05 22:06:22,1746482782.4670618,sell,limit,82757825
94771.8,0.00167226,2025-05-05 22:06:22,1746482782.7714055,sell,limit,82757828
94771.9,0.0001055,2025-05-05 22:06:50,1746482810.322809,buy,limit,82757829
94771.9,0.00063137,2025-05-05 22:06:50,1746482810.322809,buy,limit,82757830
94771.9,0.002226,2025-05-05 22:06:51,1746482811.1616173,buy,market,82757831
94771.9,0.00092309,2025-05-05 22:07:00,1746482820.549443,buy,market,82757832
94771.9,9.741e-05,2025-05-05 22:07:08,1746482828.395842,buy,limit,82757833
94771.9,0.00022164,2025-05-05 22:07:22,1746482842.2567096,buy,limit,82757834
94771.9,0.00048096,2025-05-05 22:07:51,1746482871.7733805,buy,market,82757835
94771.9,0.00015594,2025-05-05 22:07:53,1746482873.039679,buy,limit,82757836
94771.8,0.000719,2025-05-05 22:08:00,1746482880.588772,sell,limit,82757837
94771.9,0.00721862,2025-05-05 22:08:08,1746482888.9768567,buy,market,82757840
94771.9,0.00862193,2025-05-05 22:08:08,1746482888.9768567,buy,market,82757838
94771.9,0.0001055,2025-05-05 22:08:08,1746482888.9768567,buy,market,82757839
94771.8,0.000281,2025-05-05 22:08:29,1746482909.767342,sell,limit,82757841
94771.8,0.00028179,2025-05-05 22:08:29,1746482909.767342,sell,limit,82757842
94783.6,5.197e-05,2025-05-05 22:08:40,1746482920.0406768,buy,limit,82757843
94783.5,0.000106,2025-05-05 22:08:47,1746482927.741833,sell,market,82757844
94783.6,1.029e-05,2025-05-05 22:08:50,1746482930.3355794,buy,limit,82757845
94783.6,0.00039371,2025-05-05 22:09:04,1746482944.1656623,buy,limit,82757846
94783.6,0.00230317,2025-05-05 22:09:15,1746482955.9492018,buy,limit,82757847
94783.6,0.03510454,2025-05-05 22:09:16,1746482956.750233,buy,market,82757848
94783.6,9.999e-05,2025-05-05 22:09:23,1746482963.957186,buy,market,82757849
94783.6,0.00101149,2025-05-05 22:09:23,1746482963.957186,buy,market,82757850
94783.6,0.02078886,2025-05-05 22:09:27,1746482967.099006,buy,limit,82757851
94783.6,0.00082344,2025-05-05 22:09:46,1746482986.963064,buy,limit,82757852
94783.5,0.00074403,2025-05-05 22:09:52,1746482992.0243194,sell,limit,82757853
94784.2,0.00549035,2025-05-05 22:09:59,1746482999.3880298,buy,limit,82757856
94783.6,0.00352614,2025-05-05 22:09:59,1746482999.3880298,buy,limit,82757854
94783.7,0.00502776,2025-05-05 22:09:59,1746482999.3880298,buy,limit,82757855
94798.0,9.199e-05,2025-05-05 22:09:59,1746482999.38803,buy,limit,82757860
94800.7,0.08030034,2025-05-05 22:09:59,1746482999.38803,buy,limit,82757863
94799.9,0.01017814,2025-05-05 22:09:59,1746482999.38803,buy,limit,82757862
94789.0,5.275e-05,2025-05-05 22:09:59,1746482999.38803,buy,limit,82757857
94797.9,5.274e-05,2025-05-05 22:09:59,1746482999.38803,buy,limit,82757859
94790.2,0.00908738,2025-05-05 22:09:59,1746482999.38803,buy,limit,82757858
94798.1,0.135,2025-05-05 22:09:59,1746482999.38803,buy,limit,82757861
94800.6,0.00019208,2025-05-05 22:10:30,1746483030.7148502,sell,market,82757864
94800.7,7.665e-05,2025-05-05 22:10:42,1746483042.690319,buy,limit,82757865
94800.7,0.00031699,2025-05-05 22:10:42,1746483042.690319,buy,limit,82757866
94800.7,0.0010367,2025-05-05 22:10:51,1746483051.252637,buy,limit,82757867
94800.6,0.02756,2025-05-05 22:10:53,1746483053.5371056,sell,limit,82757868
94800.6,0.0004955,2025-05-05 22:11:33,1746483093.1461053,sell,market,82757869
94800.7,0.001,2025-05-05 22:12:04,1746483124.4454687,buy,market,82757870
94800.6,0.0005045,2025-05-05 22:12:19,1746483139.4468603,sell,limit,82757871
94800.6,0.00048123,2025-05-05 22:12:19,1746483139.4468603,sell,limit,82757872
94800.7,9.738e-05,2025-05-05 22:12:25,1746483145.2156134,buy,limit,82757873
94800.7,0.00019553,2025-05-05 22:12:38,1746483158.8676353,buy,limit,82757874
94800.7,0.00010394,2025-05-05 22:12:39,1746483159.0516124,buy,limit,82757875
94800.7,0.03331391,2025-05-05 22:12:45,1746483165.2476315,buy,market,82757876
94800.7,0.09893555,2025-05-05 22:12:46,1746483166.1233423,buy,market,82757877
94800.7,0.00030848,2025-05-05 22:12:46,1746483166.1233423,buy,market,82757878
94800.7,0.21680849,2025-05-05 22:12:46,1746483166.1233423,buy,market,82757879
94800.7,0.00456794,2025-05-05 22:12:50,1746483170.020221,buy,market,82757880
94800.7,3.087e-05,2025-05-05 22:12:54,1746483174.1125247,buy,limit,82757881
94800.6,0.00051877,2025-05-05 22:13:20,1746483200.8249078,sell,limit,82757882
94800.6,0.00054123,2025-05-05 22:13:20,1746483200.8249078,sell,limit,82757883
94771.8,0.25,2025-05-05 22:13:26,1746483206.5874658,sell,market,82757890
94789.0,5.274e-05,2025-05-05 22:13:26,1746483206.5874658,sell,market,82757887
94783.5,0.00211007,2025-05-05 22:13:26,1746483206.5874658,sell,market,82757888
94780.0,5.275e-05,2025-05-05 22:13:26,1746483206.5874658,sell,market,82757889
94771.0,5.275e-05,2025-05-05 22:13:26,1746483206.5874658,sell,market,82757891
94800.6,0.00129269,2025-05-05 22:13:26,1746483206.5874658,sell,market,82757885
94800.6,0.00045877,2025-05-05 22:13:26,1746483206.5874658,sell,market,82757884
94800.6,0.001,2025-05-05 22:13:26,1746483206.5874658,sell,market,82757886
94770.0,0.03313824,2025-05-05 22:13:26,1746483206.587466,sell,market,82757893
94770.1,0.04619716,2025-05-05 22:13:26,1746483206.587466,sell,market,82757892
94770.1,0.00105484,2025-05-05 22:13:34,1746483214.207042,buy,market,82757894
94770.1,0.00010291,2025-05-05 22:13:34,1746483214.3414042,buy,limit,82757895
94770.1,0.00020582,2025-05-05 22:13:49,1746483229.5801003,buy,limit,82757896
94770.1,0.00495005,2025-05-05 22:13:52,1746483232.490143,buy,limit,82757897
94770.1,0.00029122,2025-05-05 22:14:05,1746483245.411323,buy,limit,82757898
94770.1,5.199e-05,2025-05-05 22:14:10,1746483250.8156202,buy,limit,82757899
94770.1,0.00259316,2025-05-05 22:14:17,1746483257.8565981,buy,market,82757900
94778.3,0.00074024,2025-05-05 22:14:23,1746483263.21857,buy,limit,82757901
94780.0,5.275e-05,2025-05-05 22:14:30,1746483270.2455556,buy,limit,82757903
94782.7,0.05664943,2025-05-05 22:14:30,1746483270.2455556,buy,limit,82757905
94782.6,8.899e-05,2025-05-05 22:14:30,1746483270.2455556,buy,limit,82757904
94779.4,0.00024027,2025-05-05 22:14:30,1746483270.2455556,buy,limit,82757902
94782.7,0.0004928,2025-05-05 22:14:31,1746483271.6588638,buy,limit,82757906
94789.0,5.275e-05,2025-05-05 22:15:02,1746483302.0960388,buy,limit,82757907
94789.0,0.00046088,2025-05-05 22:15:02,1746483302.0960388,buy,limit,82757908
94789.0,0.0005163,2025-05-05 22:15:07,1746483307.9940882,buy,limit,82757909
94788.9,5.025e-05,2025-05-05 22:15:09,1746483309.4727325,sell,limit,82757910
94789.0,0.0004975,2025-05-05 22:15:10,1746483310.0837696,buy,limit,82757911
94789.0,0.00027932,2025-05-05 22:15:28,1746483328.2683032,buy,limit,82757912
94789.0,0.00102924,2025-05-05 22:15:35,1746483335.207874,buy,limit,82757913
94789.0,0.00020788,2025-05-05 22:15:42,1746483342.0391588,buy,limit,82757914
94789.0,0.00212024,2025-05-05 22:15:48,1746483348.0876694,buy,limit,82757915
94788.9,0.02264834,2025-05-05 22:15:52,1746483352.8237026,sell,limit,82757916
94789.0,0.00060575,2025-05-05 22:15:59,1746483359.042556,buy,limit,82757917
94789.1,1.788e-05,2025-05-05 22:15:59,1746483359.042556,buy,limit,82757918
94789.1,0.0046,2025-05-05 22:16:00,1746483360.1301963,buy,limit,82757919
94789.1,0.00014655,2025-05-05 22:16:00,1746483360.1303234,buy,limit,82757920
94789.9,0.00725345,2025-05-05 22:16:00,1746483360.1303234,buy,limit,82757921
94801.3,0.00736903,2025-05-05 22:16:00,1746483360.1384249,buy,limit,82757925
94806.5,0.00211043,2025-05-05 22:16:00,1746483360.1384249,buy,limit,82757928
94805.0,0.00872484,2025-05-05 22:16:00,1746483360.1384249,buy,limit,82757926
94789.9,0.00016561,2025-05-05 22:16:00,1746483360.1384249,buy,limit,82757922
94807.1,5.274e-05,2025-05-05 22:16:00,1746483360.1384249,buy,limit,82757929
94798.0,5.274e-05,2025-05-05 22:16:00,1746483360.1384249,buy,limit,82757923
94806.5,0.00030888,2025-05-05 22:16:00,1746483360.1384249,buy,limit,82757927
94800.7,0.0067778,2025-05-05 22:16:00,1746483360.1384249,buy,limit,82757924
94813.3,0.01823494,2025-05-05 22:16:00,1746483360.1791515,buy,limit,82757930
94814.6,5.057e-05,2025-05-05 22:16:00,1746483360.1791515,buy,limit,82757931
94818.0,0.00601,2025-05-05 22:16:00,1746483360.1791518,buy,limit,82757934
94818.4,0.019,2025-05-05 22:16:00,1746483360.1791518,buy,limit,82757936
94816.0,5.273e-05,2025-05-05 22:16:00,1746483360.1791518,buy,limit,82757933
94821.4,0.01727684,2025-05-05 22:16:00,1746483360.1791518,buy,limit,82757938
94818.4,0.011,2025-05-05 22:16:00,1746483360.1791518,buy,limit,82757935
94824.7,0.0182321,2025-05-05 22:16:00,1746483360.1791518,buy,limit,82757939
94825.0,5.273e-05,2025-05-05 22:16:00,1746483360.1791518,buy,limit,82757940
94815.8,0.00017137,2025-05-05 22:16:00,1746483360.1791518,buy,limit,82757932
94819.4,0.029,2025-05-05 22:16:00,1746483360.1791518,buy,limit,82757937
94829.9,0.01331297,2025-05-05 22:16:00,1746483360.4591513,buy,limit,82757941
94833.9,5.272e-05,2025-05-05 22:16:00,1746483360.5872753,buy,limit,82757942
94835.0,0.00026604,2025-05-05 22:16:00,1746483360.5872753,buy,limit,82757943
94836.0,0.00506235,2025-05-05 22:16:00,1746483360.852412,sell,limit,82757944
94836.0,0.00699884,2025-05-05 22:16:00,1746483360.9160786,sell,limit,82757945
94836.1,0.00081849,2025-05-05 22:16:02,1746483362.6051385,buy,market,82757946
94836.1,6.323e-05,2025-05-05 22:16:02,1746483362.6052587,buy,limit,82757947
94879.0,5.27e-05,2025-05-05 22:16:02,1746483362.605319,buy,limit,82757963
94837.4,5.056e-05,2025-05-05 22:16:02,1746483362.605319,buy,limit,82757949
94843.0,5.272e-05,2025-05-05 22:16:02,1746483362.605319,buy,limit,82757950
94870.2,0.01822073,2025-05-05 22:16:02,1746483362.605319,buy,limit,82757961
94836.1,0.01734752,2025-05-05 22:16:02,1746483362.605319,buy,limit,82757948
94852.1,5.271e-05,2025-05-05 22:16:02,1746483362.605319,buy,limit,82757952
94860.1,5.054e-05,2025-05-05 22:16:02,1746483362.605319,buy,limit,82757956
94853.1,9.286e-05,2025-05-05 22:16:02,1746483362.605319,buy,limit,82757953
94857.1,6e-05,2025-05-05 22:16:02,1746483362.605319,buy,limit,82757954
94860.9,5.271e-05,2025-05-05 22:16:02,1746483362.605319,buy,limit,82757957
94847.5,0.0182264,2025-05-05 22:16:02,1746483362.605319,buy,limit,82757951
94861.8,0.0705,2025-05-05 22:16:02,1746483362.605319,buy,limit,82757958
94858.8,0.01806371,2025-05-05 22:16:02,1746483362.605319,buy,limit,82757955
94870.0,5.27e-05,2025-05-05 22:16:02,1746483362.605319,buy,limit,82757960
94878.0,0.02142,2025-05-05 22:16:02,1746483362.605319,buy,limit,82757962
94864.1,0.00105,2025-05-05 22:16:02,1746483362.605319,buy,limit,82757959
94902.6,0.27,2025-05-05 22:16:02,1746483362.6053193,buy,limit,82757978
94882.9,5.043e-05,2025-05-05 22:16:02,1746483362.6053193,buy,limit,82757967
94897.7,0.00091088,2025-05-05 22:16:02,1746483362.6053193,buy,limit,82757976
94900.0,0.22466594,2025-05-05 22:16:02,1746483362.6053193,buy,limit,82757977
94890.1,9.994e-05,2025-05-05 22:16:02,1746483362.6053193,buy,limit,82757971
94888.0,0.3,2025-05-05 22:16:02,1746483362.6053193,buy,limit,82757970
94881.6,0.01821788,2025-05-05 22:16:02,1746483362.6053193,buy,limit,82757966
94891.0,0.0002789,2025-05-05 22:16:02,1746483362.6053193,buy,limit,82757972
94880.0,0.00788464,2025-05-05 22:16:02,1746483362.6053193,buy,limit,82757965
94879.9,0.00026591,2025-05-05 22:16:02,1746483362.6053193,buy,limit,82757964
94891.0,0.1,2025-05-05 22:16:02,1746483362.6053193,buy,limit,82757973
94893.0,0.01821504,2025-05-05 22:16:02,1746483362.6053193,buy,limit,82757974
94897.0,0.0002648,2025-05-05 22:16:02,1746483362.6053193,buy,limit,82757975
94903.8,0.0299793,2025-05-05 22:16:02,1746483362.6053193,buy,limit,82757979
94886.2,0.00230104,2025-05-05 22:16:02,1746483362.6053193,buy,limit,82757969
94883.6,0.00211944,2025-05-05 22:16:02,1746483362.6053193,buy,limit,82757968
94903.8,0.02636936,2025-05-05 22:16:02,1746483362.606261,buy,market,82757980
94836.0,5e-05,2025-05-05 22:16:02,1746483362.6074646,sell,market,82757981
94903.7,0.00506532,2025-05-05 22:16:02,1746483362.6167765,sell,limit,82757982
94904.4,0.00313069,2025-05-05 22:16:04,1746483364.6078262,buy,market,82757983
94904.4,5.269e-05,2025-05-05 22:16:05,1746483365.6100035,buy,market,82757986
94905.1,0.0003561,2025-05-05 22:16:05,1746483365.6100035,buy,market,82757987
94905.6,5.042e-05,2025-05-05 22:16:05,1746483365.6100035,buy,market,82757988
94904.4,5.269e-05,2025-05-05 22:16:05,1746483365.6100035,buy,market,82757985
94904.4,0.0150815,2025-05-05 22:16:05,1746483365.6100035,buy,market,82757984
94924.9,0.00026578,2025-05-05 22:16:05,1746483365.6100035,buy,market,82757995
94915.8,0.01820935,2025-05-05 22:16:05,1746483365.6100035,buy,market,82757993
94924.0,5.267e-05,2025-05-05 22:16:05,1746483365.6100035,buy,market,82757994
94915.0,5.268e-05,2025-05-05 22:16:05,1746483365.6100035,buy,market,82757992
94925.0,0.001,2025-05-05 22:16:05,1746483365.6100035,buy,market,82757996
94926.6,0.02466869,2025-05-05 22:16:05,1746483365.6100035,buy,market,82757997
94912.0,0.00010847,2025-05-05 22:16:05,1746483365.6100035,buy,market,82757991
94905.9,5.268e-05,2025-05-05 22:16:05,1746483365.6100035,buy,market,82757989
94910.0,0.05,2025-05-05 22:16:05,1746483365.6100035,buy,market,82757990
94940.0,0.02,2025-05-05 22:16:05,1746483365.6100037,buy,market,82758003
94940.1,0.00026549,2025-05-05 22:16:05,1746483365.6100037,buy,market,82758004
94938.6,0.01820366,2025-05-05 22:16:05,1746483365.6100037,buy,market,82758002
94931.0,0.00601,2025-05-05 22:16:05,1746483365.6100037,buy,market,82758000
94928.4,5.046e-05,2025-05-05 22:16:05,1746483365.6100037,buy,market,82757999
94932.9,5.267e-05,2025-05-05 22:16:05,1746483365.6100037,buy,market,82758001
94959.3,0.10642379,2025-05-05 22:16:05,1746483365.6100037,buy,market,82758014
94952.2,0.1,2025-05-05 22:16:05,1746483365.6100037,buy,market,82758013
94927.2,0.0182065,2025-05-05 22:16:05,1746483365.6100037,buy,market,82757998
94946.8,7.058e-05,2025-05-05 22:16:05,1746483365.6100037,buy,market,82758006
94942.0,5.266e-05,2025-05-05 22:16:05,1746483365.6100037,buy,market,82758005
94950.3,0.00026717,2025-05-05 22:16:05,1746483365.6100037,buy,market,82758010
94949.9,0.01804118,2025-05-05 22:16:05,1746483365.6100037,buy,market,82758009
94949.3,0.00010538,2025-05-05 22:16:05,1746483365.6100037,buy,market,82758007
94949.4,0.10642379,2025-05-05 22:16:05,1746483365.6100037,buy,market,82758008
94951.1,5.044e-05,2025-05-05 22:16:05,1746483365.6100037,buy,market,82758012
94951.0,5.266e-05,2025-05-05 22:16:05,1746483365.6100037,buy,market,82758011
94961.3,0.01819801,2025-05-05 22:16:05,1746483365.610004,buy,market,82758015
94961.9,0.37482184,2025-05-05 22:16:05,1746483365.610004,buy,market,82758016
94948.8,0.00083351,2025-05-05 22:16:07,1746483367.2174983,buy,market,82758017
94947.2,0.03244051,2025-05-05 22:16:07,1746483367.490325,sell,limit,82758018
94942.1,0.008,2025-05-05 22:16:10,1746483370.567768,buy,market,82758019
94959.4,0.00047874,2025-05-05 22:16:28,1746483388.4118526,sell,limit,82758020
94959.4,0.00052126,2025-05-05 22:16:28,1746483388.4219475,sell,market,82758021
94959.4,0.00053793,2025-05-05 22:16:28,1746483388.4219475,sell,market,82758022
94959.5,0.03960685,2025-05-05 22:16:28,1746483388.6284387,buy,market,82758023
94959.4,0.001,2025-05-05 22:16:30,1746483390.3429818,sell,limit,82758026
94959.4,0.001,2025-05-05 22:16:30,1746483390.3429818,sell,limit,82758025
94959.4,0.03946207,2025-05-05 22:16:30,1746483390.3429818,sell,limit,82758024
94947.0,0.00194946,2025-05-05 22:16:34,1746483394.45799,buy,limit,82758028
94947.0,0.00010533,2025-05-05 22:16:34,1746483394.45799,buy,limit,82758027
94947.0,0.1,2025-05-05 22:16:38,1746483398.8175843,buy,market,82758031
94947.0,0.02106438,2025-05-05 22:16:38,1746483398.8175843,buy,market,82758030
94947.0,0.31503605,2025-05-05 22:16:38,1746483398.8175843,buy,market,82758029
94947.0,0.08984689,2025-05-05 22:16:38,1746483398.8175845,buy,market,82758032
94946.9,0.00021064,2025-05-05 22:16:40,1746483400.669785,sell,limit,82758033
94946.9,0.011,2025-05-05 22:16:40,1746483400.6697853,sell,limit,82758037
94946.9,0.019,2025-05-05 22:16:40,1746483400.6697853,sell,limit,82758038
94946.9,0.001,2025-05-05 22:16:40,1746483400.6697853,sell,limit,82758036
94946.9,0.001,2025-05-05 22:16:40,1746483400.6697853,sell,limit,82758034
94946.9,0.001,2025-05-05 22:16:40,1746483400.6697853,sell,limit,82758035
94946.9,0.029,2025-05-05 22:16:40,1746483400.6697853,sell,limit,82758039
94942.0,5.266e-05,2025-05-05 22:16:40,1746483400.6697853,sell,limit,82758040
94933.0,5.266e-05,2025-05-05 22:16:40,1746483400.6697853,sell,limit,82758041
94931.0,0.00601,2025-05-05 22:16:40,1746483400.6697853,sell,limit,82758042
94924.1,0.02024421,2025-05-05 22:16:46,1746483406.7106519,buy,limit,82758043
94924.0,0.001,2025-05-05 22:16:48,1746483408.1383357,sell,limit,82758047
94924.0,5.267e-05,2025-05-05 22:16:48,1746483408.1383357,sell,limit,82758044
94924.0,0.012,2025-05-05 22:16:48,1746483408.1383357,sell,limit,82758048
94924.0,0.001,2025-05-05 22:16:48,1746483408.1383357,sell,limit,82758046
94924.0,0.001,2025-05-05 22:16:48,1746483408.1383357,sell,limit,82758045
94915.0,5.267e-05,2025-05-05 22:16:52,1746483412.3687994,sell,limit,82758049
94915.0,0.001,2025-05-05 22:16:52,1746483412.3687994,sell,limit,82758050
94909.5,0.00010536,2025-05-05 22:16:56,1746483416.3146498,buy,market,82758051
94909.5,0.09989464,2025-05-05 22:16:56,1746483416.3146498,buy,market,82758052
94909.4,0.00031442,2025-05-05 22:16:56,1746483416.9246545,sell,market,82758053
94924.1,5.267e-05,2025-05-05 22:17:05,1746483425.0816998,buy,market,82758054
94924.1,0.004,2025-05-05 22:17:05,1746483425.0816998,buy,market,82758055
94924.1,0.00594733,2025-05-05 22:17:05,1746483425.0816998,buy,market,82758056
94924.0,0.001,2025-05-05 22:17:06,1746483426.8549438,sell,limit,82758060
94924.0,0.1,2025-05-05 22:17:06,1746483426.8549438,sell,limit,82758057
94924.0,0.001,2025-05-05 22:17:06,1746483426.8549438,sell,limit,82758058
94924.0,0.005,2025-05-05 22:17:06,1746483426.8549438,sell,limit,82758059
94924.0,0.001,2025-05-05 22:17:06,1746483426.854944,sell,limit,82758061
94915.1,0.00315728,2025-05-05 22:17:09,1746483429.1238024,buy,market,82758062
94924.0,0.00149556,2025-05-05 22:17:13,1746483433.507506,buy,market,82758063
94924.0,0.00450058,2025-05-05 22:17:15,1746483435.0641696,buy,market,82758064
94924.0,4.091e-05,2025-05-05 22:17:34,1746483454.7795482,buy,limit,82758065
94924.0,0.00052674,2025-05-05 22:17:37,1746483457.325114,buy,market,82758066
94924.0,0.00010379,2025-05-05 22:17:40,1746483460.0394042,buy,limit,82758067
94924.0,0.000492,2025-05-05 22:17:50,1746483470.6447418,buy,limit,82758068
94923.9,0.00013134,2025-05-05 22:18:03,1746483483.114825,sell,market,82758069
94923.9,1.077e-05,2025-05-05 22:18:11,1746483491.9008875,sell,limit,82758070
94923.9,0.001,2025-05-05 22:18:21,1746483501.4747353,sell,limit,82758072
94923.9,0.00085789,2025-05-05 22:18:21,1746483501.4747353,sell,limit,82758071
94923.9,0.001,2025-05-05 22:18:21,1746483501.4747353,sell,limit,82758073
94923.9,0.00073,2025-05-05 22:18:21,1746483501.4747353,sell,limit,82758074
94922.9,8.766e-05,2025-05-05 22:18:38,1746483518.174347,sell,market,82758075
94922.9,0.00264503,2025-05-05 22:18:41,1746483521.7510455,sell,limit,82758076
94922.9,6.689e-05,2025-05-05 22:18:47,1746483527.8557522,sell,limit,82758077
94922.9,5.165e-05,2025-05-05 22:18:47,1746483527.8685749,sell,limit,82758078
94922.9,0.00011287,2025-05-05 22:18:47,1746483527.8961215,sell,limit,82758079
94922.9,7.385e-05,2025-05-05 22:18:47,1746483527.9490921,sell,limit,82758080
94922.9,0.00809227,2025-05-05 22:18:51,1746483531.5654814,sell,market,82758081
94923.0,0.00020758,2025-05-05 22:19:02,1746483542.9746382,buy,limit,82758082
94923.0,0.00020758,2025-05-05 22:19:03,1746483543.0353417,buy,limit,82758083
94923.0,8.354e-05,2025-05-05 22:19:38,1746483578.2973387,buy,market,82758084
94923.0,0.00041112,2025-05-05 22:19:46,1746483586.0863843,buy,limit,82758085
94923.0,0.0009964,2025-05-05 22:19:51,1746483591.6414022,buy,limit,82758086
94923.0,0.00098668,2025-05-05 22:19:53,1746483593.314213,buy,limit,82758087
94923.0,0.0293478,2025-05-05 22:20:00,1746483600.0380793,buy,market,82758088
94923.0,0.0094752,2025-05-05 22:20:00,1746483600.0380793,buy,market,82758090
94923.0,0.011,2025-05-05 22:20:00,1746483600.0380793,buy,market,82758089
94923.0,0.00019866,2025-05-05 22:20:06,1746483606.2767208,buy,market,82758091
94923.0,0.00031138,2025-05-05 22:20:10,1746483610.0417187,buy,limit,82758092
94923.0,0.00722443,2025-05-05 22:20:18,1746483618.728468,buy,market,82758093
94923.0,0.00276657,2025-05-05 22:20:18,1746483618.728468,buy,market,82758094
94922.9,0.001,2025-05-05 22:20:39,1746483639.4844427,sell,market,82758096
94922.9,0.001,2025-05-05 22:20:39,1746483639.4844427,sell,market,82758097
94922.9,0.001,2025-05-05 22:20:39,1746483639.4844427,sell,market,82758095
94922.9,0.00708515,2025-05-05 22:20:39,1746483639.4844427,sell,market,82758098
94922.9,0.03291485,2025-05-05 22:20:43,1746483643.8438568,sell,limit,82758099
94922.9,0.019,2025-05-05 22:20:43,1746483643.8438568,sell,limit,82758101
94922.9,0.011,2025-05-05 22:20:43,1746483643.8438568,sell,limit,82758100
94922.9,0.011,2025-05-05 22:20:43,1746483643.8438568,sell,limit,82758103
94922.9,0.023,2025-05-05 22:20:43,1746483643.8438568,sell,limit,82758102
94915.0,5.267e-05,2025-05-05 22:20:45,1746483645.804191,sell,limit,82758104
94906.0,0.001,2025-05-05 22:20:48,1746483648.9132557,sell,limit,82758106
94906.0,5.268e-05,2025-05-05 22:20:48,1746483648.9132557,sell,limit,82758105
94906.0,0.001,2025-05-05 22:20:48,1746483648.9132557,sell,limit,82758107
94906.0,8.629e-05,2025-05-05 22:20:48,1746483648.913256,sell,limit,82758108
94906.0,0.00091371,2025-05-05 22:20:54,1746483654.4524882,sell,limit,82758109
94906.0,0.001,2025-05-05 22:20:54,1746483654.4524882,sell,limit,82758110
94906.0,0.001,2025-05-05 22:20:54,1746483654.4524882,sell,limit,82758111
94897.0,5.268e-05,2025-05-05 22:20:56,1746483656.635028,sell,limit,82758112
94891.8,0.1,2025-05-05 22:20:58,1746483658.7407537,sell,limit,82758113
94891.8,0.001,2025-05-05 22:20:58,1746483658.7407537,sell,limit,82758114
94891.8,0.001,2025-05-05 22:20:58,1746483658.7407537,sell,limit,82758115
94888.0,0.001,2025-05-05 22:21:00,1746483660.7096725,sell,limit,82758117
94888.0,5.269e-05,2025-05-05 22:21:00,1746483660.7096725,sell,limit,82758116
94886.9,0.00021078,2025-05-05 22:21:00,1746483660.7678626,buy,market,82758118
94895.5,0.02462878,2025-05-05 22:21:09,1746483669.2760923,sell,limit,82758119
94895.6,0.00067012,2025-05-05 22:21:13,1746483673.5396438,buy,limit,82758120
94898.6,0.00093427,2025-05-05 22:21:14,1746483674.0591648,buy,limit,82758122
94896.9,5.269e-05,2025-05-05 22:21:14,1746483674.0591648,buy,limit,82758121
94898.6,0.00699303,2025-05-05 22:21:16,1746483676.8536592,buy,limit,82758123
94898.6,0.00020561,2025-05-05 22:21:32,1746483692.5130453,buy,limit,82758124
94898.6,0.00168592,2025-05-05 22:21:33,1746483693.7368386,buy,limit,82758125
94898.6,0.00109672,2025-05-05 22:21:39,1746483699.7883308,buy,limit,82758126
94893.1,0.10378962,2025-05-05 22:21:52,1746483712.5985057,sell,limit,82758136
94893.3,0.135,2025-05-05 22:21:52,1746483712.5985057,sell,limit,82758135
94898.5,0.001,2025-05-05 22:21:52,1746483712.5985057,sell,limit,82758128
94898.5,0.001,2025-05-05 22:21:52,1746483712.5985057,sell,limit,82758127
94898.5,0.001,2025-05-05 22:21:52,1746483712.5985057,sell,limit,82758129
94898.5,0.153005,2025-05-05 22:21:52,1746483712.5985057,sell,limit,82758130
94898.5,0.004,2025-05-05 22:21:52,1746483712.5985057,sell,limit,82758133
94893.4,0.00010538,2025-05-05 22:21:52,1746483712.5985057,sell,limit,82758134
94898.5,0.0011,2025-05-05 22:21:52,1746483712.5985057,sell,limit,82758132
94898.5,0.1,2025-05-05 22:21:52,1746483712.5985057,sell,limit,82758131
94898.2,0.005,2025-05-05 22:22:01,1746483721.4685571,sell,limit,82758137
94898.2,0.009,2025-05-05 22:22:06,1746483726.6007268,sell,limit,82758138
94898.2,0.00024286,2025-05-05 22:22:06,1746483726.6007268,sell,limit,82758140
94898.2,0.001,2025-05-05 22:22:06,1746483726.6007268,sell,limit,82758139
94898.3,0.00025955,2025-05-05 22:22:11,1746483731.1897767,buy,limit,82758141
94898.3,0.00052688,2025-05-05 22:22:23,1746483743.1246629,buy,market,82758142
94898.3,0.00020561,2025-05-05 22:22:27,1746483747.2350502,buy,limit,82758143
94898.2,0.00016476,2025-05-05 22:22:35,1746483755.2143996,sell,limit,82758144
94898.2,0.00014078,2025-05-05 22:22:46,1746483766.8062775,sell,market,82758145
94898.3,0.00018216,2025-05-05 22:23:00,1746483780.9777036,buy,market,82758146
94898.2,0.00011865,2025-05-05 22:23:02,1746483782.3088226,sell,market,82758147
94898.3,0.08763753,2025-05-05 22:23:16,1746483796.140529,buy,limit,82758149
94898.3,0.27001784,2025-05-05 22:23:16,1746483796.140529,buy,limit,82758148
94898.3,0.00010388,2025-05-05 22:23:18,1746483798.8977952,buy,market,82758150
94898.3,0.01067864,2025-05-05 22:23:23,1746483803.3590827,buy,limit,82758151
94898.3,0.00091764,2025-05-05 22:23:23,1746483803.674905,buy,limit,82758152
94898.2,0.00033295,2025-05-05 22:23:27,1746483807.8157768,sell,limit,82758153
94898.2,0.00078193,2025-05-05 22:23:27,1746483807.815777,sell,limit,82758154
94898.3,0.00091325,2025-05-05 22:23:28,1746483808.721754,buy,market,82758155
94898.3,0.02634399,2025-05-05 22:23:34,1746483814.1282072,buy,market,82758156
94898.3,0.01840224,2025-05-05 22:23:36,1746483816.5335758,buy,limit,82758157
94898.3,0.00411223,2025-05-05 22:23:39,1746483819.8672376,buy,limit,82758158
94898.2,0.001,2025-05-05 22:23:52,1746483832.2096639,sell,market,82758161
94888.0,5.269e-05,2025-05-05 22:23:52,1746483832.2096639,sell,market,82758162
94898.2,0.00021807,2025-05-05 22:23:52,1746483832.2096639,sell,market,82758159
94879.0,5.269e-05,2025-05-05 22:23:52,1746483832.2096639,sell,market,82758163
94898.2,0.001,2025-05-05 22:23:52,1746483832.2096639,sell,market,82758160
94871.7,0.0001054,2025-05-05 22:23:52,1746483832.209664,sell,market,82758164
94870.5,0.0816556,2025-05-05 22:23:52,1746483832.209664,sell,market,82758166
94871.6,0.01091555,2025-05-05 22:23:52,1746483832.209664,sell,market,82758165
94872.0,0.00511973,2025-05-05 22:23:54,1746483834.6146536,buy,limit,82758167
94872.0,0.000242,2025-05-05 22:23:58,1746483838.2231698,buy,market,82758168
94872.0,0.173048,2025-05-05 22:24:37,1746483877.9364934,buy,market,82758169
94871.9,0.001,2025-05-05 22:24:50,1746483890.4047143,sell,limit,82758170
94871.9,0.00097079,2025-05-05 22:24:50,1746483890.4047143,sell,limit,82758171
94872.0,0.0003056,2025-05-05 22:24:56,1746483896.33292,buy,limit,82758172
94871.9,0.00316188,2025-05-05 22:25:01,1746483901.9185026,sell,market,82758175
94871.9,0.00480891,2025-05-05 22:25:01,1746483901.9185026,sell,market,82758176
94871.9,2.921e-05,2025-05-05 22:25:01,1746483901.9185026,sell,market,82758173
94871.9,0.001,2025-05-05 22:25:01,1746483901.9185026,sell,market,82758174
94872.0,0.00016073,2025-05-05 22:25:11,1746483911.3428094,buy,limit,82758177
94872.0,0.00256981,2025-05-05 22:25:12,1746483912.5393517,buy,limit,82758178
94872.0,0.0011205,2025-05-05 22:25:18,1746483918.6862938,buy,limit,82758179
94872.0,0.08300036,2025-05-05 22:25:25,1746483925.6075306,buy,market,82758180
94872.0,0.00308503,2025-05-05 22:25:47,1746483947.2548325,buy,limit,82758181
94872.0,0.00010385,2025-05-05 22:25:47,1746483947.3379183,buy,limit,82758182
94872.0,0.0002622,2025-05-05 22:25:53,1746483953.722436,buy,limit,82758183
94871.9,0.00019962,2025-05-05 22:25:55,1746483955.6266341,sell,market,82758184
94872.0,0.00010283,2025-05-05 22:25:55,1746483955.928393,buy,limit,82758185
94872.0,0.00098721,2025-05-05 22:26:02,1746483962.640684,buy,limit,82758186
94871.9,8.585e-05,2025-05-05 22:26:02,1746483962.6581676,sell,market,82758187
94872.0,0.00049712,2025-05-05 22:26:03,1746483963.517798,buy,limit,82758188
94871.9,0.000142,2025-05-05 22:26:12,1746483972.6608677,sell,limit,82758189
94872.0,0.00112,2025-05-05 22:26:18,1746483978.8275955,buy,market,82758190
94872.0,0.00278524,2025-05-05 22:26:29,1746483989.253026,buy,limit,82758191
94872.0,0.00248512,2025-05-05 22:26:29,1746483989.253026,buy,limit,82758192
94872.1,0.00419091,2025-05-05 22:26:29,1746483989.774612,buy,market,82758193
94872.1,0.00078896,2025-05-05 22:26:40,1746484000.9014926,buy,market,82758194
94872.1,0.00975155,2025-05-05 22:26:40,1746484000.9014926,buy,market,82758195
94872.0,0.00012,2025-05-05 22:26:45,1746484005.059642,sell,market,82758196
94872.1,0.00037842,2025-05-05 22:26:49,1746484009.6151545,buy,limit,82758197
94847.8,0.00010543,2025-05-05 22:26:58,1746484018.8177998,sell,market,82758204
94852.0,5.271e-05,2025-05-05 22:26:58,1746484018.8177998,sell,market,82758203
94872.0,0.00088,2025-05-05 22:26:58,1746484018.8177998,sell,market,82758198
94861.0,5.27e-05,2025-05-05 22:26:58,1746484018.8177998,sell,market,82758202
94847.7,0.00212671,2025-05-05 22:26:58,1746484018.8177998,sell,market,82758205
94872.0,0.001,2025-05-05 22:26:58,1746484018.8177998,sell,market,82758200
94872.0,0.001,2025-05-05 22:26:58,1746484018.8177998,sell,market,82758199
94870.0,5.27e-05,2025-05-05 22:26:58,1746484018.8177998,sell,market,82758201
94852.8,0.00017516,2025-05-05 22:27:18,1746484038.361751,sell,market,82758206
94855.6,0.00021,2025-05-05 22:27:30,1746484050.192076,buy,limit,82758207
94855.5,0.000396,2025-05-05 22:27:41,1746484061.5327744,sell,limit,82758208
94855.5,0.00984164,2025-05-05 22:27:42,1746484062.0085235,sell,limit,82758209
94855.6,0.00103865,2025-05-05 22:27:57,1746484077.039997,buy,limit,82758210
94855.6,0.00568957,2025-05-05 22:28:08,1746484088.148966,buy,limit,82758211
94855.6,9.732e-05,2025-05-05 22:28:30,1746484110.611751,buy,limit,82758212
94855.6,0.0012255,2025-05-05 22:28:31,1746484111.1471255,buy,limit,82758213
94855.6,0.00025966,2025-05-05 22:28:57,1746484137.03455,buy,limit,82758214
94855.5,0.001,2025-05-05 22:28:59,1746484139.615421,sell,market,82758215
94855.5,0.001,2025-05-05 22:28:59,1746484139.615421,sell,market,82758216
94855.5,0.001,2025-05-05 22:28:59,1746484139.615421,sell,market,82758217
94855.5,0.00126666,2025-05-05 22:28:59,1746484139.615421,sell,market,82758218
94855.5,0.002,2025-05-05 22:29:25,1746484165.224242,sell,market,82758223
94855.5,0.00169039,2025-05-05 22:29:25,1746484165.224242,sell,market,82758224
94855.5,0.001,2025-05-05 22:29:25,1746484165.224242,sell,market,82758221
94855.5,0.001,2025-05-05 22:29:25,1746484165.224242,sell,market,82758222
94855.5,0.001,2025-05-05 22:29:25,1746484165.224242,sell,market,82758220
94855.5,0.09873334,2025-05-05 22:29:25,1746484165.224242,sell,market,82758219
94855.6,5.193e-05,2025-05-05 22:30:00,1746484200.046621,buy,limit,82758225
94855.7,0.00545,2025-05-05 22:30:03,1746484203.0595746,buy,limit,82758227
94858.6,0.011,2025-05-05 22:30:03,1746484203.0595746,buy,limit,82758228
94858.6,0.023,2025-05-05 22:30:03,1746484203.0595746,buy,limit,82758230
94855.6,0.0060257,2025-05-05 22:30:03,1746484203.0595746,buy,limit,82758226
94858.6,0.019,2025-05-05 22:30:03,1746484203.0595746,buy,limit,82758229
94859.9,0.00749021,2025-05-05 22:30:03,1746484203.0780053,buy,limit,82758231
94861.0,5.271e-05,2025-05-05 22:30:03,1746484203.0780053,buy,limit,82758232
94865.0,0.0114722,2025-05-05 22:30:03,1746484203.0780053,buy,limit,82758235
94865.0,0.00053426,2025-05-05 22:30:03,1746484203.0780053,buy,limit,82758236
94865.0,0.00203343,2025-05-05 22:30:03,1746484203.0780053,buy,limit,82758234
94862.1,0.00953533,2025-05-05 22:30:03,1746484203.0780053,buy,limit,82758233
94870.1,5.27e-05,2025-05-05 22:30:03,1746484203.1836128,buy,limit,82758237
94870.3,0.00176837,2025-05-05 22:30:03,1746484203.401352,buy,limit,82758238
94878.9,5.27e-05,2025-05-05 22:30:04,1746484204.2999067,buy,limit,82758239
94879.9,0.00013996,2025-05-05 22:30:05,1746484205.27644,buy,limit,82758240
94879.9,0.00010539,2025-05-05 22:30:10,1746484210.5708103,buy,limit,82758241
94879.9,0.00010539,2025-05-05 22:30:11,1746484211.0016248,buy,limit,82758242
94879.9,0.00010539,2025-05-05 22:30:11,1746484211.4343991,buy,limit,82758243
94879.9,0.00010539,2025-05-05 22:30:11,1746484211.8675902,buy,limit,82758244
94879.9,0.00010539,2025-05-05 22:30:12,1746484212.3622773,buy,limit,82758245
94879.9,0.00010539,2025-05-05 22:30:12,1746484212.7956395,buy,limit,82758246
94879.9,0.00010539,2025-05-05 22:30:13,1746484213.2257214,buy,limit,82758247
94879.9,0.00010539,2025-05-05 22:30:13,1746484213.657167,buy,limit,82758248
94879.9,0.00010539,2025-05-05 22:30:14,1746484214.1117768,buy,limit,82758249
94879.9,0.00010539,2025-05-05 22:30:14,1746484214.5417824,buy,limit,82758250
94879.9,0.00010539,2025-05-05 22:30:14,1746484214.972488,buy,limit,82758251
94879.9,0.00010539,2025-05-05 22:30:15,1746484215.403408,buy,limit,82758252
94879.9,0.00010539,2025-05-05 22:30:15,1746484215.6228154,buy,limit,82758253
94879.9,0.00010539,2025-05-05 22:30:15,1746484215.8443844,buy,limit,82758254
94879.9,0.00010539,2025-05-05 22:30:16,1746484216.2750633,buy,limit,82758255
94879.9,0.00010539,2025-05-05 22:30:16,1746484216.706281,buy,limit,82758256
94879.9,0.00010539,2025-05-05 22:30:17,1746484217.1360226,buy,limit,82758257
94879.9,0.00010539,2025-05-05 22:30:17,1746484217.5663118,buy,limit,82758258
94879.9,0.00010539,2025-05-05 22:30:17,1746484217.9969451,buy,limit,82758259
94879.9,0.00010539,2025-05-05 22:30:18,1746484218.4304128,buy,limit,82758260
94879.9,0.00010539,2025-05-05 22:30:18,1746484218.863757,buy,limit,82758261
94879.9,0.00010539,2025-05-05 22:30:19,1746484219.294064,buy,limit,82758262
94879.9,0.00010539,2025-05-05 22:30:19,1746484219.72473,buy,limit,82758263
94879.9,0.00010539,2025-05-05 22:30:20,1746484220.158,buy,limit,82758264
94879.9,0.00010539,2025-05-05 22:30:20,1746484220.5882394,buy,limit,82758265
94879.9,0.00010539,2025-05-05 22:30:21,1746484221.0192301,buy,limit,82758266
94879.9,0.00010539,2025-05-05 22:30:21,1746484221.449802,buy,limit,82758267
94879.9,0.00010539,2025-05-05 22:30:21,1746484221.883294,buy,limit,82758268
94879.9,0.00010539,2025-05-05 22:30:22,1746484222.3136497,buy,limit,82758269
94879.9,0.00010539,2025-05-05 22:30:22,1746484222.5312223,buy,limit,82758270
94879.9,0.00586097,2025-05-05 22:30:22,1746484222.952446,buy,limit,82758271
94888.0,5.269e-05,2025-05-05 22:30:22,1746484222.955206,buy,limit,82758272
94893.9,0.00010538,2025-05-05 22:30:23,1746484223.479514,buy,limit,82758273
94893.9,0.00010538,2025-05-05 22:30:23,1746484223.9101868,buy,limit,82758274
94893.8,0.0001,2025-05-05 22:30:26,1746484226.0395503,sell,limit,82758275
94893.9,0.00738246,2025-05-05 22:30:27,1746484227.9971907,buy,limit,82758276
94893.9,0.00040401,2025-05-05 22:30:28,1746484228.2915137,buy,limit,82758277
94893.9,7.711e-05,2025-05-05 22:30:29,1746484229.5675957,buy,limit,82758278
94893.8,0.0210847,2025-05-05 22:30:49,1746484249.8647113,sell,limit,82758279
94899.2,0.21344454,2025-05-05 22:30:51,1746484251.4304945,buy,limit,82758285
94898.8,0.03607496,2025-05-05 22:30:51,1746484251.4304945,buy,limit,82758283
94899.0,0.10958608,2025-05-05 22:30:51,1746484251.4304945,buy,limit,82758284
94899.4,0.2566997,2025-05-05 22:30:51,1746484251.4304945,buy,limit,82758286
94897.0,5.269e-05,2025-05-05 22:30:51,1746484251.4304945,buy,limit,82758281
94898.6,0.00761441,2025-05-05 22:30:51,1746484251.4304945,buy,limit,82758282
94893.9,0.00843915,2025-05-05 22:30:51,1746484251.4304945,buy,limit,82758280
94899.4,0.00698304,2025-05-05 22:31:01,1746484261.0343316,buy,limit,82758287
94899.3,0.01,2025-05-05 22:31:04,1746484264.486486,sell,market,82758288
94899.4,0.00105313,2025-05-05 22:31:10,1746484270.827294,buy,limit,82758289
94899.4,0.00054486,2025-05-05 22:31:10,1746484270.9718277,buy,limit,82758290
94899.4,0.00025954,2025-05-05 22:31:11,1746484271.1191382,buy,limit,82758291
94899.4,0.0010197,2025-05-05 22:31:27,1746484287.1133394,buy,limit,82758292
94899.6,0.00489584,2025-05-05 22:31:51,1746484311.457346,buy,market,82758293
94899.6,0.00049697,2025-05-05 22:31:56,1746484316.476692,buy,limit,82758294
94899.6,0.00099133,2025-05-05 22:32:29,1746484349.059591,buy,limit,82758295
94899.6,2.056e-05,2025-05-05 22:32:39,1746484359.5907698,buy,limit,82758296
94899.6,0.0205609,2025-05-05 22:32:42,1746484362.4736385,buy,limit,82758297
94899.6,0.00010537,2025-05-05 22:32:52,1746484372.093512,buy,limit,82758298
94899.6,0.00010537,2025-05-05 22:32:52,1746484372.8732238,buy,limit,82758299
94899.6,0.00010537,2025-05-05 22:32:53,1746484373.3031516,buy,limit,82758300
94899.6,0.00010537,2025-05-05 22:32:53,1746484373.737436,buy,limit,82758301
94899.6,0.00010537,2025-05-05 22:32:54,1746484374.1680918,buy,limit,82758302
94899.6,0.00010537,2025-05-05 22:32:54,1746484374.601188,buy,limit,82758303
94899.6,0.00010537,2025-05-05 22:32:55,1746484375.031574,buy,limit,82758304
94899.6,0.00010537,2025-05-05 22:32:55,1746484375.4624803,buy,limit,82758305
94899.6,0.00010537,2025-05-05 22:32:55,1746484375.8932285,buy,limit,82758306
94899.6,0.00010537,2025-05-05 22:32:56,1746484376.3262637,buy,limit,82758307
94899.6,0.00010537,2025-05-05 22:32:56,1746484376.7564921,buy,limit,82758308
94899.6,0.00010537,2025-05-05 22:32:57,1746484377.1867106,buy,limit,82758309
94899.6,0.00010537,2025-05-05 22:32:57,1746484377.6199899,buy,limit,82758310
94899.6,0.00010537,2025-05-05 22:32:58,1746484378.050222,buy,limit,82758311
94899.6,0.00010537,2025-05-05 22:32:58,1746484378.4840474,buy,limit,82758312
94899.6,0.00010537,2025-05-05 22:32:58,1746484378.9141767,buy,limit,82758313
94899.6,0.00010537,2025-05-05 22:32:59,1746484379.3445997,buy,limit,82758314
94899.6,0.00010537,2025-05-05 22:32:59,1746484379.7784002,buy,limit,82758315
94899.6,0.00010537,2025-05-05 22:33:00,1746484380.2117734,buy,limit,82758316
94899.6,0.00010537,2025-05-05 22:33:00,1746484380.6451204,buy,limit,82758317
94899.6,0.00010537,2025-05-05 22:33:01,1746484381.0779274,buy,limit,82758318
94899.6,0.00010537,2025-05-05 22:33:01,1746484381.510899,buy,limit,82758319
94899.6,0.00010537,2025-05-05 22:33:01,1746484381.941076,buy,limit,82758320
94899.6,0.00010537,2025-05-05 22:33:02,1746484382.371595,buy,limit,82758321
94899.6,0.00010537,2025-05-05 22:33:02,1746484382.801915,buy,limit,82758322
94899.6,0.00010537,2025-05-05 22:33:03,1746484383.2350452,buy,limit,82758323
94899.6,0.00010537,2025-05-05 22:33:03,1746484383.6713927,buy,limit,82758324
94899.6,0.00010537,2025-05-05 22:33:04,1746484384.1019895,buy,limit,82758325
94899.6,0.00010537,2025-05-05 22:33:04,1746484384.5375648,buy,limit,82758326
94899.6,0.00010537,2025-05-05 22:33:04,1746484384.9662845,buy,limit,82758327
94899.6,0.00010537,2025-05-05 22:33:05,1746484385.3998957,buy,limit,82758328
94899.6,0.00010537,2025-05-05 22:33:05,1746484385.8307045,buy,limit,82758329
94899.6,0.00010537,2025-05-05 22:33:06,1746484386.264617,buy,limit,82758330
94899.6,0.00010537,2025-05-05 22:33:06,1746484386.6948874,buy,limit,82758331
94899.6,0.00010537,2025-05-05 22:33:07,1746484387.1250362,buy,limit,82758332
94899.6,0.00010537,2025-05-05 22:33:07,1746484387.5586834,buy,limit,82758333
94899.5,0.00136575,2025-05-05 22:33:07,1746484387.5952244,sell,limit,82758334
94899.6,0.00010537,2025-05-05 22:33:07,1746484387.9914532,buy,limit,82758335
94899.6,0.00010537,2025-05-05 22:33:08,1746484388.4224105,buy,limit,82758336
94899.6,0.00010537,2025-05-05 22:33:08,1746484388.8614569,buy,limit,82758337
94899.6,0.00010537,2025-05-05 22:33:09,1746484389.2947564,buy,limit,82758338
94899.6,0.00010537,2025-05-05 22:33:09,1746484389.724763,buy,limit,82758339
94899.6,0.00010537,2025-05-05 22:33:10,1746484390.15767,buy,limit,82758340
94899.6,0.00010537,2025-05-05 22:33:10,1746484390.588256,buy,limit,82758341
94899.6,0.00010537,2025-05-05 22:33:11,1746484391.0188384,buy,limit,82758342
94899.6,0.00010537,2025-05-05 22:33:11,1746484391.4520605,buy,limit,82758343
94899.6,0.00010537,2025-05-05 22:33:11,1746484391.8818908,buy,limit,82758344
94899.6,0.00010537,2025-05-05 22:33:12,1746484392.3154078,buy,limit,82758345
94899.6,0.00010537,2025-05-05 22:33:12,1746484392.7452846,buy,limit,82758346
94899.6,0.00010475,2025-05-05 22:33:38,1746484418.4021628,buy,limit,82758347
94899.6,0.00514022,2025-05-05 22:33:39,1746484419.453633,buy,limit,82758348
94899.6,2.056e-05,2025-05-05 22:33:47,1746484427.66601,buy,limit,82758349
94899.6,0.0004668,2025-05-05 22:33:57,1746484437.0170603,buy,market,82758350
94899.6,0.00016073,2025-05-05 22:34:08,1746484448.8970451,buy,limit,82758351
94899.5,0.5,2025-05-05 22:34:18,1746484458.6554613,sell,limit,82758352
94899.6,0.14365424,2025-05-05 22:34:26,1746484466.2651422,buy,market,82758353
94899.6,0.00010724,2025-05-05 22:34:41,1746484481.6816735,buy,limit,82758354
94899.6,0.00997975,2025-05-05 22:34:43,1746484483.2548592,buy,limit,82758355
94899.6,0.0020057,2025-05-05 22:34:43,1746484483.458701,buy,market,82758356
94899.6,0.00356783,2025-05-05 22:35:02,1746484502.485633,buy,limit,82758358
94899.7,0.04904752,2025-05-05 22:35:02,1746484502.485633,buy,limit,82758359
94899.6,0.01978119,2025-05-05 22:35:02,1746484502.485633,buy,limit,82758357
94899.8,0.02115538,2025-05-05 22:35:02,1746484502.485633,buy,limit,82758360
94899.8,0.00038618,2025-05-05 22:35:05,1746484505.4149728,buy,limit,82758361
94899.8,0.0001028,2025-05-05 22:35:18,1746484518.3923767,buy,limit,82758362
94899.8,0.00098692,2025-05-05 22:35:36,1746484536.5368607,buy,limit,82758363
94899.8,9.633e-05,2025-05-05 22:35:44,1746484544.6101074,buy,limit,82758364
94899.8,0.00464269,2025-05-05 22:35:54,1746484554.9801388,buy,market,82758365
94899.8,0.00068409,2025-05-05 22:36:07,1746484567.9616225,buy,limit,82758366
94899.8,0.00105374,2025-05-05 22:36:13,1746484573.5660815,buy,market,82758367
94899.8,0.00078331,2025-05-05 22:36:17,1746484577.0303693,buy,market,82758368
94899.8,0.00331592,2025-05-05 22:36:19,1746484579.1750364,buy,market,82758369
94899.8,0.00013568,2025-05-05 22:36:34,1746484594.170405,buy,market,82758370
94899.8,0.00013568,2025-05-05 22:36:34,1746484594.170405,buy,market,82758370
94899.8,0.00082239,2025-05-05 22:36:36,1746484596.0496294,buy,market,82758371
94900.0,0.01953476,2025-05-05 22:36:57,1746484617.9293535,buy,limit,82758375
94899.8,0.00775824,2025-05-05 22:36:57,1746484617.9293535,buy,limit,82758373
94900.2,1.009e-05,2025-05-05 22:36:57,1746484617.9293535,buy,limit,82758376
94899.8,0.07542065,2025-05-05 22:36:57,1746484617.9293535,buy,limit,82758372
94900.2,0.00854763,2025-05-05 22:36:57,1746484617.9293535,buy,limit,82758377
94899.9,0.0057528,2025-05-05 22:36:57,1746484617.9293535,buy,limit,82758374
94906.0,5.268e-05,2025-05-05 22:36:57,1746484617.9548457,buy,limit,82758378
94906.1,0.00500099,2025-05-05 22:36:59,1746484619.1204202,buy,limit,82758379
94909.0,0.00026467,2025-05-05 22:36:59,1746484619.1398084,buy,limit,82758380
94909.0,0.00026467,2025-05-05 22:36:59,1746484619.1398084,buy,limit,82758381
94912.0,0.029,2025-05-05 22:36:59,1746484619.1473956,buy,limit,82758383
94912.0,0.00675823,2025-05-05 22:36:59,1746484619.1473956,buy,limit,82758382
94914.0,0.00010526,2025-05-05 22:36:59,1746484619.1840026,buy,limit,82758384
94914.3,0.000105,2025-05-05 22:36:59,1746484619.7971687,buy,market,82758385
94914.3,0.00183427,2025-05-05 22:37:03,1746484623.3914182,buy,market,82758386
94914.2,0.00538428,2025-05-05 22:37:03,1746484623.3915508,sell,market,82758389
94914.2,0.00503668,2025-05-05 22:37:03,1746484623.3915508,sell,market,82758388
94914.2,0.00010535,2025-05-05 22:37:03,1746484623.3915508,sell,market,82758387
94914.3,0.00127885,2025-05-05 22:37:05,1746484625.953881,buy,limit,82758390
94914.2,0.01841185,2025-05-05 22:37:11,1746484631.6044264,sell,limit,82758391
94915.0,5.268e-05,2025-05-05 22:37:16,1746484636.9515138,buy,limit,82758393
94914.3,0.00301346,2025-05-05 22:37:16,1746484636.9515138,buy,limit,82758392
94920.1,0.00212379,2025-05-05 22:37:16,1746484636.9515138,buy,limit,82758394
94920.0,0.003902,2025-05-05 22:37:19,1746484639.6201332,sell,market,82758395
94920.1,0.00903417,2025-05-05 22:37:31,1746484651.143002,buy,limit,82758396
94924.0,5.267e-05,2025-05-05 22:37:31,1746484651.179781,buy,limit,82758397
94936.9,0.00291323,2025-05-05 22:37:35,1746484655.9212031,buy,limit,82758399
94933.1,5.267e-05,2025-05-05 22:37:35,1746484655.9212031,buy,limit,82758398
94936.9,5e-05,2025-05-05 22:37:37,1746484657.8940768,buy,market,82758400
94936.9,0.00103776,2025-05-05 22:37:40,1746484660.83315,buy,limit,82758401
94936.9,0.00031599,2025-05-05 22:37:53,1746484673.3256264,buy,market,82758402
94936.9,0.00073918,2025-05-05 22:37:58,1746484678.035732,buy,limit,82758403
94939.9,0.00494295,2025-05-05 22:38:13,1746484693.364885,buy,limit,82758404
94939.8,0.00306496,2025-05-05 22:38:27,1746484707.8257422,sell,limit,82758405
94939.9,0.00376721,2025-05-05 22:38:32,1746484712.775966,buy,limit,82758406
94942.0,5.266e-05,2025-05-05 22:38:32,1746484712.7759662,buy,limit,82758408
94939.9,0.00594384,2025-05-05 22:38:32,1746484712.7759662,buy,limit,82758407
94950.0,0.1,2025-05-05 22:38:34,1746484714.8593338,buy,limit,82758415
94950.0,0.05258502,2025-05-05 22:38:34,1746484714.8593338,buy,limit,82758417
94951.0,5.266e-05,2025-05-05 22:38:34,1746484714.8593338,buy,limit,82758418
94950.0,0.1,2025-05-05 22:38:34,1746484714.8593338,buy,limit,82758412
94950.0,0.1,2025-05-05 22:38:34,1746484714.8593338,buy,limit,82758416
94950.0,0.1,2025-05-05 22:38:34,1746484714.8593338,buy,limit,82758410
94950.0,0.1,2025-05-05 22:38:34,1746484714.8593338,buy,limit,82758409
94950.0,0.1,2025-05-05 22:38:34,1746484714.8593338,buy,limit,82758413
94950.0,0.1,2025-05-05 22:38:34,1746484714.8593338,buy,limit,82758414
94950.0,0.1,2025-05-05 22:38:34,1746484714.8593338,buy,limit,82758411
94970.1,0.00026566,2025-05-05 22:38:35,1746484715.856954,buy,limit,82758421
94971.3,6e-05,2025-05-05 22:38:35,1746484715.856954,buy,limit,82758423
94970.2,0.00065383,2025-05-05 22:38:35,1746484715.856954,buy,limit,82758422
94960.0,5.265e-05,2025-05-05 22:38:35,1746484715.856954,buy,limit,82758419
94969.0,5.265e-05,2025-05-05 22:38:35,1746484715.856954,buy,limit,82758420
94973.0,0.0041799,2025-05-05 22:38:35,1746484715.856954,buy,limit,82758424
94979.4,0.00153474,2025-05-05 22:38:36,1746484716.1487732,buy,limit,82758429
94973.0,0.1848201,2025-05-05 22:38:36,1746484716.1487732,buy,limit,82758425
94977.9,5.264e-05,2025-05-05 22:38:36,1746484716.1487732,buy,limit,82758427
94974.0,5.039e-05,2025-05-05 22:38:36,1746484716.1487732,buy,limit,82758426
94979.3,0.02316294,2025-05-05 22:38:36,1746484716.1487732,buy,limit,82758428
94984.0,0.00119814,2025-05-05 22:38:36,1746484716.1487734,buy,limit,82758430
94990.0,0.001,2025-05-05 22:38:36,1746484716.1675134,buy,limit,82758433
94988.8,0.00035524,2025-05-05 22:38:36,1746484716.1675134,buy,limit,82758432
94995.1,0.00105268,2025-05-05 22:38:36,1746484716.1675134,buy,limit,82758434
94987.1,5.264e-05,2025-05-05 22:38:36,1746484716.1675134,buy,limit,82758431
94996.7,5.036e-05,2025-05-05 22:38:36,1746484716.1675136,buy,limit,82758437
94996.0,5.263e-05,2025-05-05 22:38:36,1746484716.1675136,buy,limit,82758436
94995.5,0.05457237,2025-05-05 22:38:36,1746484716.1675136,buy,limit,82758435
95000.0,5e-05,2025-05-05 22:38:36,1746484716.1717432,buy,limit,82758438
95000.0,0.81506345,2025-05-05 22:38:36,1746484716.1717434,buy,limit,82758452
95000.0,0.00105263,2025-05-05 22:38:36,1746484716.1717434,buy,limit,82758445
95000.0,0.00065536,2025-05-05 22:38:36,1746484716.1717434,buy,limit,82758444
95000.0,0.00026386,2025-05-05 22:38:36,1746484716.1717434,buy,limit,82758449
95000.0,0.54850755,2025-05-05 22:38:36,1746484716.1717434,buy,limit,82758450
95000.0,0.00105263,2025-05-05 22:38:36,1746484716.1717434,buy,limit,82758447
95000.0,0.04500078,2025-05-05 22:38:36,1746484716.1717434,buy,limit,82758446
95000.0,0.00088086,2025-05-05 22:38:36,1746484716.1717434,buy,limit,82758439
95000.0,0.05263157,2025-05-05 22:38:36,1746484716.1717434,buy,limit,82758451
95000.0,0.01,2025-05-05 22:38:36,1746484716.1717434,buy,limit,82758442
95000.0,0.12,2025-05-05 22:38:36,1746484716.1717434,buy,limit,82758443
95000.0,0.00052631,2025-05-05 22:38:36,1746484716.1717434,buy,limit,82758441
95000.0,0.025,2025-05-05 22:38:36,1746484716.1717434,buy,limit,82758440
95000.0,6.2e-05,2025-05-05 22:38:36,1746484716.1717434,buy,limit,82758448
95000.0,0.01255533,2025-05-05 22:38:36,1746484716.1780431,buy,limit,82758458
95000.0,0.42,2025-05-05 22:38:36,1746484716.1780431,buy,limit,82758457
95000.0,0.00106116,2025-05-05 22:38:36,1746484716.1780431,buy,limit,82758460
95000.0,0.01059621,2025-05-05 22:38:36,1746484716.1780431,buy,limit,82758454
95000.0,0.1,2025-05-05 22:38:36,1746484716.1780431,buy,limit,82758455
95000.0,0.01,2025-05-05 22:38:36,1746484716.1780431,buy,limit,82758459
95000.0,1.18493655,2025-05-05 22:38:36,1746484716.1780431,buy,limit,82758453
95000.0,1.0,2025-05-05 22:38:36,1746484716.1780431,buy,limit,82758456
95001.0,0.0059,2025-05-05 22:38:36,1746484716.1845148,buy,limit,82758461
95010.8,0.00135092,2025-05-05 22:38:36,1746484716.1845148,buy,limit,82758463
95008.7,0.00261343,2025-05-05 22:38:36,1746484716.1845148,buy,limit,82758462
95021.0,0.1,2025-05-05 22:38:36,1746484716.1845148,buy,limit,82758465
95022.0,0.00120551,2025-05-05 22:38:36,1746484716.1845148,buy,limit,82758466
95019.6,5.033e-05,2025-05-05 22:38:36,1746484716.1845148,buy,limit,82758464
95026.2,0.02142,2025-05-05 22:38:36,1746484716.1845148,buy,limit,82758467
95040.4,0.00141776,2025-05-05 22:38:36,1746484716.3833945,sell,limit,82758469
95040.4,0.00010521,2025-05-05 22:38:36,1746484716.3833945,sell,limit,82758468
95040.4,0.02104368,2025-05-05 22:38:37,1746484717.7090018,sell,limit,82758471
95040.4,0.22951197,2025-05-05 22:38:37,1746484717.7090018,sell,limit,82758470
95040.4,0.09731045,2025-05-05 22:38:37,1746484717.7090018,sell,limit,82758474
95040.4,0.15198262,2025-05-05 22:38:37,1746484717.7090018,sell,limit,82758472
95040.4,0.00015128,2025-05-05 22:38:37,1746484717.7090018,sell,limit,82758473
95040.4,0.36360669,2025-05-05 22:38:37,1746484717.7167356,sell,limit,82758476
95040.4,0.1326872,2025-05-05 22:38:37,1746484717.7167356,sell,limit,82758477
95040.4,0.03768955,2025-05-05 22:38:37,1746484717.7167356,sell,limit,82758475
95040.4,0.06407801,2025-05-05 22:38:37,1746484717.7177474,sell,limit,82758478
95040.5,5.364e-05,2025-05-05 22:38:38,1746484718.1353269,buy,market,82758479
95040.5,5.261e-05,2025-05-05 22:38:38,1746484718.1353269,buy,market,82758481
95041.0,5.261e-05,2025-05-05 22:38:38,1746484718.1353269,buy,market,82758485
95040.5,5.262e-05,2025-05-05 22:38:38,1746484718.1353269,buy,market,82758484
95040.5,0.00026553,2025-05-05 22:38:38,1746484718.1353269,buy,market,82758482
95040.5,5.262e-05,2025-05-05 22:38:38,1746484718.1353269,buy,market,82758483
95040.5,5.263e-05,2025-05-05 22:38:38,1746484718.1353269,buy,market,82758480
95041.1,0.00841774,2025-05-05 22:38:38,1746484718.135327,buy,market,82758486
95041.1,0.00297786,2025-05-05 22:38:38,1746484718.1356146,buy,market,82758488
95041.1,0.17100324,2025-05-05 22:38:38,1746484718.1356146,buy,market,82758487
95041.1,0.03440946,2025-05-05 22:38:38,1746484718.1356149,buy,market,82758493
95041.1,0.00062834,2025-05-05 22:38:38,1746484718.1356149,buy,market,82758492
95041.1,5e-05,2025-05-05 22:38:38,1746484718.1356149,buy,market,82758491
95041.1,0.00025322,2025-05-05 22:38:38,1746484718.1356149,buy,market,82758490
95041.1,0.00021166,2025-05-05 22:38:38,1746484718.1356149,buy,market,82758489
95041.1,0.00011302,2025-05-05 22:38:43,1746484723.0409703,buy,limit,82758494
95045.0,0.00035493,2025-05-05 22:38:43,1746484723.0409703,buy,limit,82758496
95042.4,5.035e-05,2025-05-05 22:38:43,1746484723.0409703,buy,limit,82758495
95045.0,0.00166,2025-05-05 22:38:47,1746484727.831101,buy,limit,82758497
95045.0,0.00359663,2025-05-05 22:38:50,1746484730.7700698,buy,limit,82758498
95058.2,0.00026486,2025-05-05 22:38:53,1746484733.414089,buy,market,82758503
95052.5,0.01817532,2025-05-05 22:38:53,1746484733.414089,buy,market,82758502
95050.0,5.26e-05,2025-05-05 22:38:53,1746484733.414089,buy,market,82758501
95059.1,5.26e-05,2025-05-05 22:38:53,1746484733.414089,buy,market,82758504
95045.0,0.00039844,2025-05-05 22:38:53,1746484733.414089,buy,market,82758499
95063.8,0.00831057,2025-05-05 22:38:53,1746484733.414089,buy,market,82758506
95060.0,0.0002654,2025-05-05 22:38:53,1746484733.414089,buy,market,82758505
95045.0,0.00105856,2025-05-05 22:38:53,1746484733.414089,buy,market,82758500
95063.8,0.00041292,2025-05-05 22:38:53,1746484733.7296495,buy,limit,82758507
95063.8,0.03869741,2025-05-05 22:38:54,1746484734.6613884,buy,market,82758508
95063.9,0.01817249,2025-05-05 22:38:54,1746484734.6613884,buy,market,82758509
95066.5,0.14675028,2025-05-05 22:38:54,1746484734.6613884,buy,market,82758513
95066.4,0.0001052,2025-05-05 22:38:54,1746484734.6613884,buy,market,82758512
95065.2,0.00065317,2025-05-05 22:38:54,1746484734.6613884,buy,market,82758511
95065.2,5.038e-05,2025-05-05 22:38:54,1746484734.6613884,buy,market,82758510
95068.6,7.206e-05,2025-05-05 22:38:55,1746484735.7872388,buy,market,82758517
95069.8,0.154037,2025-05-05 22:38:55,1746484735.7872388,buy,market,82758518
95067.4,0.0001052,2025-05-05 22:38:55,1746484735.7872388,buy,market,82758515
95067.4,0.00031872,2025-05-05 22:38:55,1746484735.7872388,buy,market,82758514
95068.0,5.259e-05,2025-05-05 22:38:55,1746484735.7872388,buy,market,82758516
95072.1,0.10614083,2025-05-05 22:38:55,1746484735.787239,buy,market,82758520
95070.3,0.135,2025-05-05 22:38:55,1746484735.787239,buy,market,82758519
95072.1,0.46857099,2025-05-05 22:38:56,1746484736.4701164,buy,market,82758522
95072.1,0.00028296,2025-05-05 22:38:56,1746484736.4701164,buy,market,82758521
95068.2,0.00133655,2025-05-05 22:39:04,1746484744.6267421,buy,market,82758523
95068.2,3.09e-05,2025-05-05 22:39:12,1746484752.2092834,buy,limit,82758524
95075.3,0.0095519,2025-05-05 22:39:13,1746484753.6825376,sell,market,82758525
95075.3,0.00134197,2025-05-05 22:39:13,1746484753.6826518,sell,market,82758526
95075.3,0.12026125,2025-05-05 22:39:13,1746484753.682707,sell,market,82758527
95075.4,0.01832902,2025-05-05 22:39:22,1746484762.477835,buy,market,82758528
95077.0,5.259e-05,2025-05-05 22:39:22,1746484762.477835,buy,market,82758529
95085.7,6e-05,2025-05-05 22:39:22,1746484762.477835,buy,market,82758531
95080.1,0.00025748,2025-05-05 22:39:22,1746484762.477835,buy,market,82758530
95098.2,0.01816397,2025-05-05 22:39:22,1746484762.4778352,buy,market,82758541
95086.8,0.0181668,2025-05-05 22:39:22,1746484762.4778352,buy,market,82758534
95086.7,0.04680026,2025-05-05 22:39:22,1746484762.4778352,buy,market,82758533
95102.7,0.02103752,2025-05-05 22:39:22,1746484762.4778352,buy,market,82758543
95105.7,0.05109216,2025-05-05 22:39:22,1746484762.4778352,buy,market,82758546
95104.9,0.00026528,2025-05-05 22:39:22,1746484762.4778352,buy,market,82758545
95093.6,0.00013121,2025-05-05 22:39:22,1746484762.4778352,buy,market,82758536
95088.0,5.038e-05,2025-05-05 22:39:22,1746484762.4778352,buy,market,82758535
95098.1,0.00010518,2025-05-05 22:39:22,1746484762.4778352,buy,market,82758540
95095.8,0.00033098,2025-05-05 22:39:22,1746484762.4778352,buy,market,82758539
95104.0,5.257e-05,2025-05-05 22:39:22,1746484762.4778352,buy,market,82758544
95086.0,5.258e-05,2025-05-05 22:39:22,1746484762.4778352,buy,market,82758532
95094.9,5.258e-05,2025-05-05 22:39:22,1746484762.4778352,buy,market,82758538
95094.8,0.00895711,2025-05-05 22:39:22,1746484762.4778352,buy,market,82758537
95100.0,0.02,2025-05-05 22:39:22,1746484762.4778352,buy,market,82758542
95109.4,5.25e-05,2025-05-05 22:39:38,1746484778.534682,sell,market,82758547
95109.6,0.00236193,2025-05-05 22:39:46,1746484786.7127955,buy,market,82758548
95109.5,0.00275,2025-05-05 22:39:47,1746484787.126376,sell,limit,82758549
95109.6,0.00712437,2025-05-05 22:39:49,1746484789.7289424,buy,market,82758550
95109.6,0.00019497,2025-05-05 22:39:51,1746484791.8468108,buy,limit,82758551
95109.5,0.00016952,2025-05-05 22:39:54,1746484794.226368,sell,limit,82758552
95109.6,0.000648,2025-05-05 22:40:05,1746484805.200973,buy,limit,82758553
95109.6,0.00783187,2025-05-05 22:40:06,1746484806.7086084,buy,market,82758554
95121.8,0.00609624,2025-05-05 22:40:06,1746484806.7086086,buy,market,82758564
95119.0,0.04238587,2025-05-05 22:40:06,1746484806.7086086,buy,market,82758560
95119.9,0.00768327,2025-05-05 22:40:06,1746484806.7086086,buy,market,82758562
95113.0,5.257e-05,2025-05-05 22:40:06,1746484806.7086086,buy,market,82758559
95109.6,0.00428526,2025-05-05 22:40:06,1746484806.7086086,buy,market,82758555
95110.2,0.00539071,2025-05-05 22:40:06,1746484806.7086086,buy,market,82758557
95110.8,5.035e-05,2025-05-05 22:40:06,1746484806.7086086,buy,market,82758558
95121.7,0.00010515,2025-05-05 22:40:06,1746484806.7086086,buy,market,82758563
95109.9,0.00639671,2025-05-05 22:40:06,1746484806.7086086,buy,market,82758556
95119.1,0.019722,2025-05-05 22:40:06,1746484806.7086086,buy,market,82758561
95121.9,9.71e-05,2025-05-05 22:40:08,1746484808.5351393,sell,limit,82758565
95122.0,0.00010515,2025-05-05 22:40:09,1746484809.0917225,buy,limit,82758566
95122.0,0.00038754,2025-05-05 22:40:09,1746484809.0917225,buy,limit,82758567
95121.9,0.0001,2025-05-05 22:40:10,1746484810.3087692,sell,market,82758568
95121.9,0.000321,2025-05-05 22:40:16,1746484816.2285652,sell,market,82758570
95121.9,0.001,2025-05-05 22:40:16,1746484816.2285652,sell,market,82758569
95122.0,0.1,2025-05-05 22:40:16,1746484816.9062765,buy,market,82758571
95122.0,0.00046344,2025-05-05 22:40:36,1746484836.137332,buy,limit,82758572
95122.0,0.00147815,2025-05-05 22:40:39,1746484839.4231062,buy,limit,82758573
95121.9,0.00022383,2025-05-05 22:40:43,1746484843.6677275,sell,market,82758574
95122.0,0.00766232,2025-05-05 22:40:45,1746484845.1537552,buy,limit,82758575
95122.0,0.08,2025-05-05 22:40:51,1746484851.5771344,buy,market,82758576
95121.9,0.00045517,2025-05-05 22:41:07,1746484867.0090082,sell,market,82758577
95121.9,0.00075369,2025-05-05 22:41:07,1746484867.0090082,sell,market,82758578
95122.0,2.011e-05,2025-05-05 22:41:07,1746484867.5932288,buy,limit,82758579
95121.9,0.00028453,2025-05-05 22:41:09,1746484869.0521321,sell,limit,82758581
95121.9,0.00024631,2025-05-05 22:41:09,1746484869.0521321,sell,limit,82758580
95122.0,0.00020931,2025-05-05 22:41:11,1746484871.8135755,buy,market,82758582
95122.0,0.00525641,2025-05-05 22:41:27,1746484887.0815592,buy,market,82758583
95121.9,0.00031599,2025-05-05 22:41:27,1746484887.5698025,sell,market,82758584
95123.6,0.00015256,2025-05-05 22:41:31,1746484891.301556,buy,limit,82758586
95122.1,5.257e-05,2025-05-05 22:41:31,1746484891.301556,buy,limit,82758585
95130.0,0.00663393,2025-05-05 22:41:39,1746484899.3258898,buy,market,82758588
95149.0,0.00010514,2025-05-05 22:41:39,1746484899.3258898,buy,market,82758594
95131.1,5.257e-05,2025-05-05 22:41:39,1746484899.3258898,buy,market,82758589
95140.0,5.257e-05,2025-05-05 22:41:39,1746484899.3258898,buy,market,82758591
95148.9,5.255e-05,2025-05-05 22:41:39,1746484899.3258898,buy,market,82758593
95123.6,0.00570972,2025-05-05 22:41:39,1746484899.3258898,buy,market,82758587
95148.4,0.000311,2025-05-05 22:41:39,1746484899.3258898,buy,market,82758592
95133.7,5.035e-05,2025-05-05 22:41:39,1746484899.3258898,buy,market,82758590
95149.9,0.01370587,2025-05-05 22:41:39,1746484899.3258898,buy,market,82758597
95149.1,0.00211353,2025-05-05 22:41:39,1746484899.3258898,buy,market,82758595
95149.6,0.00086569,2025-05-05 22:41:39,1746484899.3258898,buy,market,82758596
95151.1,0.03716911,2025-05-05 22:41:39,1746484899.32589,buy,market,82758600
95154.9,0.06,2025-05-05 22:41:39,1746484899.32589,buy,market,82758602
95150.0,0.00026515,2025-05-05 22:41:39,1746484899.32589,buy,market,82758598
95151.1,0.06283089,2025-05-05 22:41:39,1746484899.32589,buy,market,82758599
95154.9,0.06283089,2025-05-05 22:41:39,1746484899.32589,buy,market,82758601
95156.4,5.031e-05,2025-05-05 22:41:39,1746484899.7945266,buy,limit,82758604
95152.4,0.00010514,2025-05-05 22:41:39,1746484899.7945266,buy,limit,82758603
95157.7,0.00213389,2025-05-05 22:41:39,1746484899.7945266,buy,limit,82758605
95158.0,5.254e-05,2025-05-05 22:41:51,1746484911.7757125,buy,market,82758606
95158.0,0.00010513,2025-05-05 22:41:51,1746484911.7757125,buy,market,82758607
95158.0,0.00089321,2025-05-05 22:41:51,1746484911.7757125,buy,market,82758608
95158.0,0.00516405,2025-05-05 22:41:52,1746484912.9311082,buy,limit,82758609
95158.0,0.00026272,2025-05-05 22:42:01,1746484921.8558388,buy,market,82758610
95158.0,0.00023818,2025-05-05 22:42:16,1746484936.7961543,buy,limit,82758611
95158.1,0.00539429,2025-05-05 22:42:23,1746484943.5063818,buy,market,82758613
95158.0,0.00428813,2025-05-05 22:42:23,1746484943.5063818,buy,market,82758612
95159.0,0.00031758,2025-05-05 22:42:23,1746484943.5063818,buy,market,82758614
95159.9,0.00442805,2025-05-05 22:42:30,1746484950.129122,buy,market,82758617
95159.0,0.00010509,2025-05-05 22:42:30,1746484950.129122,buy,market,82758616
95160.4,0.00065252,2025-05-05 22:42:30,1746484950.129122,buy,market,82758618
95159.0,0.00569242,2025-05-05 22:42:30,1746484950.129122,buy,market,82758615
95166.7,0.00092247,2025-05-05 22:42:30,1746484950.1291223,buy,market,82758620
95160.7,8.091e-05,2025-05-05 22:42:30,1746484950.1291223,buy,market,82758619
95166.6,5.254e-05,2025-05-05 22:42:35,1746484955.419828,buy,market,82758621
95173.9,4.217e-05,2025-05-05 22:42:45,1746484965.2235894,buy,limit,82758623
95167.0,5.254e-05,2025-05-05 22:42:45,1746484965.2235894,buy,limit,82758622
95173.8,0.00105071,2025-05-05 22:42:45,1746484965.9230192,sell,limit,82758624
95173.9,0.00010509,2025-05-05 22:42:49,1746484969.5301182,buy,market,82758625
95173.9,0.0007501,2025-05-05 22:42:49,1746484969.5301182,buy,market,82758626
95173.8,0.00020188,2025-05-05 22:43:02,1746484982.4714057,sell,limit,82758627
95173.9,0.01518418,2025-05-05 22:43:17,1746484997.0782795,buy,limit,82758630
95173.9,0.004,2025-05-05 22:43:17,1746484997.0782795,buy,limit,82758629
95173.9,0.00010509,2025-05-05 22:43:17,1746484997.0782795,buy,limit,82758628
95173.9,0.00117841,2025-05-05 22:43:25,1746485005.1738074,buy,limit,82758632
95173.9,0.00010509,2025-05-05 22:43:25,1746485005.1738074,buy,limit,82758631
95173.9,0.00015528,2025-05-05 22:43:27,1746485007.0355089,buy,limit,82758633
95173.8,0.00089151,2025-05-05 22:43:33,1746485013.3565006,sell,market,82758635
95173.8,0.00304865,2025-05-05 22:43:33,1746485013.3565006,sell,market,82758634
95173.9,0.00248826,2025-05-05 22:43:33,1746485013.4673896,buy,limit,82758636
95173.8,0.00052811,2025-05-05 22:43:43,1746485023.8292725,sell,limit,82758637
95173.9,0.00203002,2025-05-05 22:43:50,1746485030.4806864,buy,limit,82758638
95173.9,0.00052269,2025-05-05 22:43:58,1746485038.0434458,buy,limit,82758639
95173.9,0.0052274,2025-05-05 22:44:05,1746485045.036926,buy,limit,82758640
95173.9,5.254e-05,2025-05-05 22:44:12,1746485052.4114392,buy,market,82758641
95173.9,2.07e-05,2025-05-05 22:44:20,1746485060.0340533,buy,limit,82758642
95173.8,0.00015709,2025-05-05 22:44:26,1746485066.8326607,sell,market,82758643
95173.8,0.0010507,2025-05-05 22:44:39,1746485079.7117913,sell,limit,82758644
95173.9,5.566e-05,2025-05-05 22:44:48,1746485088.5803742,buy,limit,82758645
95173.8,5.165e-05,2025-05-05 22:45:18,1746485118.3303435,sell,limit,82758646
95173.9,0.00047145,2025-05-05 22:45:27,1746485127.1254356,buy,market,82758647
95173.9,0.00197072,2025-05-05 22:45:58,1746485158.4845154,buy,limit,82758648
95173.8,0.00010509,2025-05-05 22:45:58,1746485158.6175795,sell,limit,82758649
95173.8,0.00010509,2025-05-05 22:45:59,1746485159.270539,sell,limit,82758650
95173.8,0.00010509,2025-05-05 22:45:59,1746485159.7014244,sell,limit,82758651
95173.8,0.00032801,2025-05-05 22:45:59,1746485159.9103696,sell,market,82758652
95173.9,0.00197072,2025-05-05 22:46:09,1746485169.4741375,buy,limit,82758653
95173.8,0.01830507,2025-05-05 22:46:22,1746485182.827236,sell,market,82758654
95173.8,0.03939948,2025-05-05 22:46:22,1746485182.8272362,sell,market,82758660
95140.0,5.255e-05,2025-05-05 22:46:22,1746485182.8272362,sell,market,82758669
95166.6,0.00015556,2025-05-05 22:46:22,1746485182.8272362,sell,market,82758664
95159.0,0.00601,2025-05-05 22:46:22,1746485182.8272362,sell,market,82758665
95173.8,0.001,2025-05-05 22:46:22,1746485182.8272362,sell,market,82758659
95173.8,0.001,2025-05-05 22:46:22,1746485182.8272362,sell,market,82758658
95158.0,5.254e-05,2025-05-05 22:46:22,1746485182.8272362,sell,market,82758666
95173.8,0.011,2025-05-05 22:46:22,1746485182.8272362,sell,market,82758656
95131.0,5.255e-05,2025-05-05 22:46:22,1746485182.8272362,sell,market,82758670
95173.8,0.00052535,2025-05-05 22:46:22,1746485182.8272362,sell,market,82758661
95152.0,0.00078821,2025-05-05 22:46:22,1746485182.8272362,sell,market,82758667
95173.8,0.0001,2025-05-05 22:46:22,1746485182.8272362,sell,market,82758662
95173.8,0.00485427,2025-05-05 22:46:22,1746485182.8272362,sell,market,82758663
95173.8,0.029,2025-05-05 22:46:22,1746485182.8272362,sell,market,82758655
95173.8,0.001,2025-05-05 22:46:22,1746485182.8272362,sell,market,82758657
95127.7,0.04524183,2025-05-05 22:46:22,1746485182.8272362,sell,market,82758671
95149.0,5.254e-05,2025-05-05 22:46:22,1746485182.8272362,sell,market,82758668
95113.1,0.1,2025-05-05 22:46:22,1746485182.8272364,sell,market,82758673
95107.7,0.13872544,2025-05-05 22:46:22,1746485182.8272364,sell,market,82758674
95121.9,0.0020973,2025-05-05 22:46:22,1746485182.8272364,sell,market,82758672
95103.3,0.60058731,2025-05-05 22:46:22,1746485182.8272364,sell,market,82758675
95103.6,9.7e-05,2025-05-05 22:46:32,1746485192.2983282,buy,limit,82758676
95103.6,0.0001893,2025-05-05 22:46:41,1746485201.9369726,buy,limit,82758677
95086.0,5.258e-05,2025-05-05 22:47:06,1746485226.003347,sell,market,82758686
95103.5,5.257e-05,2025-05-05 22:47:06,1746485226.003347,sell,market,82758681
